<?xml version="1.0" encoding="UTF-8"?>
<!DOCTYPE html PUBLIC "-//W3C//DTD XHTML 1.0 Transitional//EN"
    "http://www.w3.org/TR/xhtml1/DTD/xhtml1-transitional.dtd">
<html xmlns="http://www.w3.org/1999/xhtml" xml:lang="en" lang="en">
 <head>
  <title>
</title>
<meta http-equiv="Content-Type" content="text/html;charset=utf-8" />
  <meta name='ocr-system' content='tesseract 3.04.00' />
  <meta name='ocr-capabilities' content='ocr_page ocr_carea ocr_par ocr_line ocrx_word'/>
</head>
<body>
  <div class='ocr_page' id='page_1' title='image "./patrologiaecurs26unkngoog_0664.png"; bbox 0 0 3810 6128; ppageno 0'>
   <div class='ocr_carea' id='block_1_1' title="bbox 134 275 1767 344">
    <p class='ocr_par' dir='ltr' id='par_1_1' title="bbox 134 275 1767 344">
     <span class='ocr_line' id='line_1_1' title="bbox 134 275 1767 344; baseline -0.003 -8"><span class='ocrx_word' id='word_1_1' title='bbox 134 281 203 337; x_wconf 68' lang='lat' dir='ltr'><strong>tint</strong></span> <span class='ocrx_word' id='word_1_2' title='bbox 511 278 728 338; x_wconf 70' lang='lat' dir='ltr'><strong>bONleONES</strong></span> <span class='ocrx_word' id='word_1_3' title='bbox 750 275 1042 338; x_wconf 66' lang='lat' dir='ltr'><strong>selenitissuos</strong></span> <span class='ocrx_word' id='word_1_4' title='bbox 1064 275 1182 344; x_wconf 74' lang='lat' dir='ltr'><strong>sulse..</strong></span> <span class='ocrx_word' id='word_1_5' title='bbox 1203 277 1293 343; x_wconf 79' lang='lat' dir='ltr'><strong>abu,</strong></span> <span class='ocrx_word' id='word_1_6' title='bbox 1314 276 1391 334; x_wconf 72' lang='lat' dir='ltr'><strong>sic.</strong></span> <span class='ocrx_word' id='word_1_7' title='bbox 1698 277 1767 333; x_wconf 71' lang='lat' dir='ltr'><strong>livi</strong></span> 
     </span>
    </p>
   </div>
   <div class='ocr_carea' id='block_1_2' title="bbox 128 385 1772 5456">
    <p class='ocr_par' dir='ltr' id='par_1_2' title="bbox 128 385 1772 5456">
     <span class='ocr_line' id='line_1_2' title="bbox 132 385 1766 462; baseline -0.001 -13"><span class='ocrx_word' id='word_1_8' title='bbox 132 402 161 449; x_wconf 88' lang='lat' dir='ltr'><strong>ct</strong></span> <span class='ocrx_word' id='word_1_9' title='bbox 174 392 289 462; x_wconf 72' lang='lat' dir='ltr'><strong>ingentu</strong></span> <span class='ocrx_word' id='word_1_10' title='bbox 306 399 398 448; x_wconf 88' lang='lat' dir='ltr'><strong>nostra</strong></span> <span class='ocrx_word' id='word_1_11' title='bbox 413 400 427 428; x_wconf 75' lang='lat'>⁸</span> <span class='ocrx_word' id='word_1_12' title='bbox 443 406 541 448; x_wconf 85' lang='lat' dir='ltr'><strong>nornen</strong></span> <span class='ocrx_word' id='word_1_13' title='bbox 564 390 697 461; x_wconf 73' lang='lat' dir='ltr'><strong>bigovara</strong></span> <span class='ocrx_word' id='word_1_14' title='bbox 712 389 750 448; x_wconf 88' lang='lat' dir='ltr'><strong>de</strong></span> <span class='ocrx_word' id='word_1_15' title='bbox 769 389 922 454; x_wconf 75' lang='lat' dir='ltr'><strong>bnanoscm</strong></span> <span class='ocrx_word' id='word_1_16' title='bbox 937 389 962 454; x_wconf 74' lang='grc' dir='ltr'><strong>Α</strong></span> <span class='ocrx_word' id='word_1_17' title='bbox 975 386 1080 446; x_wconf 87' lang='lat' dir='ltr'><strong>rationo</strong></span> <span class='ocrx_word' id='word_1_18' title='bbox 1090 385 1368 458; x_wconf 81' lang='lat' dir='ltr'><strong>vimdequudi‚qnsd</strong></span> <span class='ocrx_word' id='word_1_19' title='bbox 1379 387 1413 445; x_wconf 91' lang='lat' dir='ltr'><strong>ad</strong></span> <span class='ocrx_word' id='word_1_20' title='bbox 1423 403 1473 446; x_wconf 91' lang='lat' dir='ltr'><strong>nos</strong></span> <span class='ocrx_word' id='word_1_21' title='bbox 1483 397 1675 462; x_wconf 87' lang='lat' dir='ltr'><strong>pervenerunt,</strong></span> <span class='ocrx_word' id='word_1_22' title='bbox 1685 405 1766 460; x_wconf 84' lang='lat' dir='ltr'><strong>quarn</strong></span> 
     </span>
     <span class='ocr_line' id='line_1_3' title="bbox 134 478 1768 554; baseline 0.001 -17"><span class='ocrx_word' id='word_1_23' title='bbox 134 483 177 539; x_wconf 91' lang='lat' dir='ltr'><strong>vel</strong></span> <span class='ocrx_word' id='word_1_24' title='bbox 191 481 318 554; x_wconf 87' lang='lat' dir='ltr'><strong>quicquid</strong></span> <span class='ocrx_word' id='word_1_25' title='bbox 331 482 358 536; x_wconf 93' lang='lat' dir='ltr'><strong>in</strong></span> <span class='ocrx_word' id='word_1_26' title='bbox 374 482 464 552; x_wconf 78' lang='lat' dir='ltr'><strong>bregis</strong></span> <span class='ocrx_word' id='word_1_27' title='bbox 477 484 510 538; x_wconf 91' lang='lat' dir='ltr'><strong>de</strong></span> <span class='ocrx_word' id='word_1_28' title='bbox 525 482 603 539; x_wconf 86' lang='lat' dir='ltr'><strong>aloda</strong></span> <span class='ocrx_word' id='word_1_29' title='bbox 616 490 756 552; x_wconf 83' lang='lat' dir='ltr'><strong>parentum</strong></span> <span class='ocrx_word' id='word_1_30' title='bbox 769 488 923 538; x_wconf 86' lang='lat' dir='ltr'><strong>nostrorum</strong></span> <span class='ocrx_word' id='word_1_31' title='bbox 976 479 1117 549; x_wconf 70' lang='lat' dir='ltr'><strong>strenuus</strong></span> <span class='ocrx_word' id='word_1_32' title='bbox 1127 478 1240 536; x_wconf 78' lang='lat' dir='ltr'><strong>ibertus</strong></span> <span class='ocrx_word' id='word_1_33' title='bbox 1250 487 1344 536; x_wconf 68' lang='lat' dir='ltr'><strong>noser</strong></span> <span class='ocrx_word' id='word_1_34' title='bbox 1353 478 1381 535; x_wconf 90' lang='lat' dir='ltr'><strong>in</strong></span> <span class='ocrx_word' id='word_1_35' title='bbox 1397 479 1526 537; x_wconf 85' lang='lat' dir='ltr'><strong>beuelltiu</strong></span> <span class='ocrx_word' id='word_1_36' title='bbox 1539 479 1628 535; x_wconf 90' lang='lat' dir='ltr'><strong>babet.</strong></span> <span class='ocrx_word' id='word_1_37' title='bbox 1638 480 1768 538; x_wconf 73' lang='lat' dir='ltr'><strong>colonica</strong></span> 
     </span>
     <span class='ocr_line' id='line_1_4' title="bbox 133 566 1768 646; baseline -0.003 -16"><span class='ocrx_word' id='word_1_38' title='bbox 133 589 214 646; x_wconf 87' lang='lat' dir='ltr'><strong>quem</strong></span> <span class='ocrx_word' id='word_1_39' title='bbox 225 575 435 632; x_wconf 78' lang='lat' dir='ltr'><strong>bustrunldusiu</strong></span> <span class='ocrx_word' id='word_1_40' title='bbox 448 574 580 631; x_wconf 85' lang='lat' dir='ltr'><strong>benebcio</strong></span> <span class='ocrx_word' id='word_1_41' title='bbox 591 573 683 638; x_wconf 86' lang='lat' dir='ltr'><strong>babet,</strong></span> <span class='ocrx_word' id='word_1_42' title='bbox 694 581 731 637; x_wconf 87' lang='lat' dir='ltr'><strong>te,</strong></span> <span class='ocrx_word' id='word_1_43' title='bbox 742 573 924 643; x_wconf 83' lang='lat' dir='ltr'><strong>suprascripta</strong></span> <span class='ocrx_word' id='word_1_44' title='bbox 975 583 1056 640; x_wconf 86' lang='lat' dir='ltr'><strong>quern</strong></span> <span class='ocrx_word' id='word_1_45' title='bbox 1076 568 1112 625; x_wconf 90' lang='lat' dir='ltr'><strong>de</strong></span> <span class='ocrx_word' id='word_1_46' title='bbox 1125 569 1239 625; x_wconf 85' lang='lat' dir='ltr'><strong>muliere</strong></span> <span class='ocrx_word' id='word_1_47' title='bbox 1252 567 1414 634; x_wconf 77' lang='lat' dir='ltr'><strong>Gismundo,</strong></span> <span class='ocrx_word' id='word_1_48' title='bbox 1430 568 1539 625; x_wconf 76' lang='lat' dir='ltr'><strong>uomicae</strong></span> <span class='ocrx_word' id='word_1_49' title='bbox 1564 566 1717 633; x_wconf 81' lang='lat' dir='ltr'><strong>Parvnutia,</strong></span> <span class='ocrx_word' id='word_1_50' title='bbox 1739 569 1768 629; x_wconf 91' lang='lat' dir='ltr'><strong>iu</strong></span> 
     </span>
     <span class='ocr_line' id='line_1_5' title="bbox 132 659 1769 732; baseline -0.004 -10"><span class='ocrx_word' id='word_1_51' title='bbox 132 666 246 722; x_wconf 88' lang='lat' dir='ltr'><strong>ecclesia</strong></span> <span class='ocrx_word' id='word_1_52' title='bbox 263 665 364 721; x_wconf 88' lang='lat' dir='ltr'><strong>Sancto</strong></span> <span class='ocrx_word' id='word_1_53' title='bbox 388 666 478 731; x_wconf 84' lang='lat' dir='ltr'><strong>betro,</strong></span> <span class='ocrx_word' id='word_1_54' title='bbox 493 665 572 720; x_wconf 85' lang='lat' dir='ltr'><strong>neres</strong></span> <span class='ocrx_word' id='word_1_55' title='bbox 597 661 782 729; x_wconf 82' lang='lat' dir='ltr'><strong>mea,lrabere</strong></span> <span class='ocrx_word' id='word_1_56' title='bbox 808 659 870 717; x_wconf 85' lang='lat' dir='ltr'><strong>volo</strong></span> <span class='ocrx_word' id='word_1_57' title='bbox 891 674 925 720; x_wconf 81' lang='lat' dir='ltr'><strong>an</strong></span> <span class='ocrx_word' id='word_1_58' title='bbox 976 661 1033 732; x_wconf 89' lang='lat' dir='ltr'><strong>ipsa</strong></span> <span class='ocrx_word' id='word_1_59' title='bbox 1048 661 1128 729; x_wconf 83' lang='lat' dir='ltr'><strong>valle,</strong></span> <span class='ocrx_word' id='word_1_60' title='bbox 1145 663 1172 717; x_wconf 92' lang='lat' dir='ltr'><strong>in</strong></span> <span class='ocrx_word' id='word_1_61' title='bbox 1195 662 1277 720; x_wconf 83' lang='lat' dir='ltr'><strong>tercia</strong></span> <span class='ocrx_word' id='word_1_62' title='bbox 1302 661 1466 732; x_wconf 88' lang='lat' dir='ltr'><strong>recepimus,</strong></span> <span class='ocrx_word' id='word_1_63' title='bbox 1482 661 1528 716; x_wconf 87' lang='lat' dir='ltr'><strong>ubi</strong></span> <span class='ocrx_word' id='word_1_64' title='bbox 1555 660 1654 717; x_wconf 77' lang='lat' dir='ltr'><strong>ilarius</strong></span> <span class='ocrx_word' id='word_1_65' title='bbox 1675 669 1769 718; x_wconf 71' lang='lat' dir='ltr'><strong>umber</strong></span> 
     </span>
     <span class='ocr_line' id='line_1_6' title="bbox 130 751 1517 828; baseline -0.006 -16"><span class='ocrx_word' id='word_1_66' title='bbox 130 757 223 828; x_wconf 79' lang='lat' dir='ltr'><strong>iubeo.</strong></span> <span class='ocrx_word' id='word_1_67' title='bbox 234 755 286 812; x_wconf 86' lang='lat' dir='ltr'><strong>Pro</strong></span> <span class='ocrx_word' id='word_1_68' title='bbox 296 755 377 812; x_wconf 87' lang='lat' dir='ltr'><strong>modo</strong></span> <span class='ocrx_word' id='word_1_69' title='bbox 390 754 485 821; x_wconf 82' lang='lat' dir='ltr'><strong>simile,</strong></span> <span class='ocrx_word' id='word_1_70' title='bbox 494 753 662 824; x_wconf 86' lang='lat' dir='ltr'><strong>quicquidde</strong></span> <span class='ocrx_word' id='word_1_71' title='bbox 672 754 769 809; x_wconf 81' lang='lat' dir='ltr'><strong>domm</strong></span> <span class='ocrx_word' id='word_1_72' title='bbox 781 751 885 821; x_wconf 74' lang='lat' dir='ltr'><strong>siagria</strong></span> <span class='ocrx_word' id='word_1_73' title='bbox 895 751 924 813; x_wconf 88' lang='lat' dir='ltr'><strong>iu</strong></span> <span class='ocrx_word' id='word_1_74' title='bbox 976 751 1154 808; x_wconf 73' lang='lat' dir='ltr'>verbecarius</span> <span class='ocrx_word' id='word_1_75' title='bbox 1165 753 1192 808; x_wconf 87' lang='lat' dir='ltr'><strong>iu</strong></span> <span class='ocrx_word' id='word_1_76' title='bbox 1207 752 1265 824; x_wconf 85' lang='lat' dir='ltr'><strong>ipsa</strong></span> <span class='ocrx_word' id='word_1_77' title='bbox 1279 752 1400 810; x_wconf 86' lang='lat' dir='ltr'><strong>colonica</strong></span> <span class='ocrx_word' id='word_1_78' title='bbox 1416 759 1517 807; x_wconf 88' lang='lat' dir='ltr'><strong>manet.</strong></span> 
     </span>
     <span class='ocr_line' id='line_1_7' title="bbox 132 841 1769 916; baseline -0.002 -15"><span class='ocrx_word' id='word_1_79' title='bbox 132 848 189 916; x_wconf 87' lang='lat' dir='ltr'><strong>ipsa</strong></span> <span class='ocrx_word' id='word_1_80' title='bbox 210 845 280 902; x_wconf 89' lang='lat' dir='ltr'><strong>valle</strong></span> <span class='ocrx_word' id='word_1_81' title='bbox 302 845 501 916; x_wconf 65' lang='lat' dir='ltr'>maurigennica</span> <span class='ocrx_word' id='word_1_82' title='bbox 516 844 744 914; x_wconf 75' lang='lat' dir='ltr'>conquesivimus,</span> <span class='ocrx_word' id='word_1_83' title='bbox 757 841 923 909; x_wconf 83' lang='lat' dir='ltr'><strong>blisiottano,</strong></span> <span class='ocrx_word' id='word_1_84' title='bbox 1010 843 1140 900; x_wconf 79' lang='lat' dir='ltr'><strong>Similiter</strong></span> <span class='ocrx_word' id='word_1_85' title='bbox 1150 851 1228 899; x_wconf 86' lang='lat' dir='ltr'><strong>curte</strong></span> <span class='ocrx_word' id='word_1_86' title='bbox 1237 857 1297 899; x_wconf 85' lang='lat' dir='ltr'><strong>mea</strong></span> <span class='ocrx_word' id='word_1_87' title='bbox 1313 842 1444 906; x_wconf 83' lang='lat' dir='ltr'><strong>salliaris,</strong></span> <span class='ocrx_word' id='word_1_88' title='bbox 1452 842 1536 911; x_wconf 72' lang='lat' dir='ltr'><strong>alpos,</strong></span> <span class='ocrx_word' id='word_1_89' title='bbox 1546 843 1769 911; x_wconf 65' lang='lat' dir='ltr'><strong>prataiuqauua,</strong></span> 
     </span>
     <span class='ocr_line' id='line_1_8' title="bbox 131 929 1769 1007; baseline 0.001 -17"><span class='ocrx_word' id='word_1_90' title='bbox 131 936 286 1002; x_wconf 73' lang='lat' dir='ltr'><strong>obliciacis,</strong></span> <span class='ocrx_word' id='word_1_91' title='bbox 302 937 397 1007; x_wconf 67' lang='lat' dir='ltr'><strong>lingo,</strong></span> <span class='ocrx_word' id='word_1_92' title='bbox 410 934 532 990; x_wconf 87' lang='lat' dir='ltr'><strong>colonica</strong></span> <span class='ocrx_word' id='word_1_93' title='bbox 553 935 578 989; x_wconf 92' lang='lat' dir='ltr'><strong>in</strong></span> <span class='ocrx_word' id='word_1_94' title='bbox 600 933 728 1000; x_wconf 80' lang='lat' dir='ltr'><strong>blbiadis,</strong></span> <span class='ocrx_word' id='word_1_95' title='bbox 743 933 770 988; x_wconf 88' lang='lat' dir='ltr'><strong>in</strong></span> <span class='ocrx_word' id='word_1_96' title='bbox 790 931 924 998; x_wconf 81' lang='lat' dir='ltr'><strong>bausetis,</strong></span> <span class='ocrx_word' id='word_1_97' title='bbox 975 933 1145 999; x_wconf 84' lang='lat' dir='ltr'><strong>vendanum,</strong></span> <span class='ocrx_word' id='word_1_98' title='bbox 1161 933 1353 1000; x_wconf 84' lang='lat' dir='ltr'><strong>ilrtllinaricus,</strong></span> <span class='ocrx_word' id='word_1_99' title='bbox 1365 932 1469 998; x_wconf 84' lang='lat' dir='ltr'><strong>vuilla,</strong></span> <span class='ocrx_word' id='word_1_100' title='bbox 1484 929 1574 988; x_wconf 86' lang='lat' dir='ltr'><strong>intole</strong></span> <span class='ocrx_word' id='word_1_101' title='bbox 1589 951 1595 988; x_wconf 94' lang='lat'><strong>:</strong></span> <span class='ocrx_word' id='word_1_102' title='bbox 1613 937 1663 993; x_wconf 87' lang='lat' dir='ltr'><strong>isla</strong></span> <span class='ocrx_word' id='word_1_103' title='bbox 1678 933 1769 993; x_wconf 78' lang='lat' dir='ltr'><strong>omnis</strong></span> 
     </span>
     <span class='ocr_line' id='line_1_9' title="bbox 132 1017 1771 1098; baseline 0.001 -18"><span class='ocrx_word' id='word_1_104' title='bbox 132 1027 291 1084; x_wconf 85' lang='lat' dir='ltr'><strong>etcolonica</strong></span> <span class='ocrx_word' id='word_1_105' title='bbox 307 1041 388 1098; x_wconf 90' lang='lat' dir='ltr'><strong>super</strong></span> <span class='ocrx_word' id='word_1_106' title='bbox 403 1024 542 1091; x_wconf 81' lang='lat' dir='ltr'><strong>bricoscis,</strong></span> <span class='ocrx_word' id='word_1_107' title='bbox 557 1034 586 1080; x_wconf 88' lang='lat' dir='ltr'><strong>et</strong></span> <span class='ocrx_word' id='word_1_108' title='bbox 599 1024 767 1094; x_wconf 81' lang='lat' dir='ltr'><strong>Atualicione</strong></span> <span class='ocrx_word' id='word_1_109' title='bbox 782 1017 827 1079; x_wconf 87' lang='lat' dir='ltr'><strong>ubi</strong></span> <span class='ocrx_word' id='word_1_110' title='bbox 842 1024 924 1081; x_wconf 91' lang='lat' dir='ltr'><strong>blan·</strong></span> <span class='ocrx_word' id='word_1_111' title='bbox 974 1025 1170 1098; x_wconf 82' lang='lat' dir='ltr'><strong>suprascripta,</strong></span> <span class='ocrx_word' id='word_1_112' title='bbox 1182 1041 1307 1082; x_wconf 87' lang='lat' dir='ltr'><strong>unacum</strong></span> <span class='ocrx_word' id='word_1_113' title='bbox 1319 1025 1423 1082; x_wconf 89' lang='lat' dir='ltr'><strong>libertis</strong></span> <span class='ocrx_word' id='word_1_114' title='bbox 1437 1039 1469 1081; x_wconf 86' lang='lat' dir='ltr'><strong>ac</strong></span> <span class='ocrx_word' id='word_1_115' title='bbox 1490 1024 1604 1092; x_wconf 78' lang='lat' dir='ltr'><strong>colonis,</strong></span> <span class='ocrx_word' id='word_1_116' title='bbox 1616 1024 1703 1082; x_wconf 86' lang='lat' dir='ltr'><strong>servis</strong></span> <span class='ocrx_word' id='word_1_117' title='bbox 1723 1023 1771 1083; x_wconf 82' lang='lat' dir='ltr'><strong>vel</strong></span> 
     </span>
     <span class='ocr_line' id='line_1_10' title="bbox 129 1114 1771 1188; baseline -0.002 -12"><span class='ocrx_word' id='word_1_118' title='bbox 129 1119 217 1176; x_wconf 81' lang='lat' dir='ltr'><strong>cottus</strong></span> <span class='ocrx_word' id='word_1_119' title='bbox 231 1117 401 1176; x_wconf 85' lang='lat' dir='ltr'><strong>verbicarius</strong></span> <span class='ocrx_word' id='word_1_120' title='bbox 424 1124 526 1185; x_wconf 79' lang='lat' dir='ltr'><strong>manet,</strong></span> <span class='ocrx_word' id='word_1_121' title='bbox 542 1124 570 1172; x_wconf 90' lang='lat' dir='ltr'><strong>et</strong></span> <span class='ocrx_word' id='word_1_122' title='bbox 593 1115 777 1179; x_wconf 87' lang='lat' dir='ltr'><strong>Gratarinnia,</strong></span> <span class='ocrx_word' id='word_1_123' title='bbox 791 1114 874 1171; x_wconf 81' lang='lat' dir='ltr'><strong>etiam</strong></span> <span class='ocrx_word' id='word_1_124' title='bbox 894 1121 924 1171; x_wconf 88' lang='lat' dir='ltr'><strong>et</strong></span> <span class='ocrx_word' id='word_1_125' title='bbox 975 1131 1071 1179; x_wconf 79' lang='lat' dir='ltr'><strong>onvnes</strong></span> <span class='ocrx_word' id='word_1_126' title='bbox 1083 1115 1352 1185; x_wconf 75' lang='lat' dir='ltr'><strong>adiacentiasearuur</strong></span> <span class='ocrx_word' id='word_1_127' title='bbox 1375 1116 1409 1172; x_wconf 88' lang='lat' dir='ltr'><strong>ad</strong></span> <span class='ocrx_word' id='word_1_128' title='bbox 1424 1117 1482 1188; x_wconf 87' lang='lat' dir='ltr'><strong>ipsa</strong></span> <span class='ocrx_word' id='word_1_129' title='bbox 1510 1116 1572 1174; x_wconf 91' lang='lat' dir='ltr'><strong>loca</strong></span> <span class='ocrx_word' id='word_1_130' title='bbox 1594 1117 1771 1187; x_wconf 84' lang='lat' dir='ltr'><strong>aspicientes,</strong></span> 
     </span>
     <span class='ocr_line' id='line_1_11' title="bbox 132 1205 1771 1278; baseline 0 -14"><span class='ocrx_word' id='word_1_131' title='bbox 132 1216 231 1265; x_wconf 68' lang='lat' dir='ltr'><strong>oemrs</strong></span> <span class='ocrx_word' id='word_1_132' title='bbox 252 1207 382 1265; x_wconf 86' lang='lat' dir='ltr'><strong>vocabula</strong></span> <span class='ocrx_word' id='word_1_133' title='bbox 402 1223 464 1263; x_wconf 86' lang='lat' dir='ltr'><strong>cum</strong></span> <span class='ocrx_word' id='word_1_134' title='bbox 485 1206 644 1276; x_wconf 73' lang='lat' dir='ltr'><strong>adiacenciis</strong></span> <span class='ocrx_word' id='word_1_135' title='bbox 667 1219 772 1269; x_wconf 83' lang='lat' dir='ltr'><strong>earum,</strong></span> <span class='ocrx_word' id='word_1_136' title='bbox 784 1212 821 1268; x_wconf 86' lang='lat' dir='ltr'><strong>te,</strong></span> <span class='ocrx_word' id='word_1_137' title='bbox 832 1217 923 1262; x_wconf 79' lang='lat' dir='ltr'><strong>sacro·</strong></span> <span class='ocrx_word' id='word_1_138' title='bbox 976 1214 1015 1269; x_wconf 85' lang='lat' dir='ltr'><strong>tu,</strong></span> <span class='ocrx_word' id='word_1_139' title='bbox 1025 1205 1106 1263; x_wconf 87' lang='lat' dir='ltr'><strong>heres</strong></span> <span class='ocrx_word' id='word_1_140' title='bbox 1119 1222 1189 1273; x_wconf 90' lang='lat' dir='ltr'><strong>mea,</strong></span> <span class='ocrx_word' id='word_1_141' title='bbox 1203 1218 1231 1262; x_wconf 85' lang='lat' dir='ltr'><strong>ut</strong></span> <span class='ocrx_word' id='word_1_142' title='bbox 1244 1207 1344 1266; x_wconf 90' lang='lat' dir='ltr'><strong>lrabeas</strong></span> <span class='ocrx_word' id='word_1_143' title='bbox 1357 1208 1420 1265; x_wconf 88' lang='lat' dir='ltr'><strong>volo</strong></span> <span class='ocrx_word' id='word_1_144' title='bbox 1433 1224 1466 1264; x_wconf 91' lang='lat' dir='ltr'><strong>ac</strong></span> <span class='ocrx_word' id='word_1_145' title='bbox 1478 1208 1573 1278; x_wconf 82' lang='lat' dir='ltr'><strong>jubeo.</strong></span> <span class='ocrx_word' id='word_1_146' title='bbox 1588 1209 1622 1264; x_wconf 86' lang='lat' dir='ltr'><strong>Et</strong></span> <span class='ocrx_word' id='word_1_147' title='bbox 1631 1209 1771 1266; x_wconf 87' lang='lat' dir='ltr'><strong>colonicas</strong></span> 
     </span>
     <span class='ocr_line' id='line_1_12' title="bbox 132 1292 1771 1368; baseline -0.001 -12"><span class='ocrx_word' id='word_1_148' title='bbox 132 1308 226 1356; x_wconf 80' lang='lat' dir='ltr'><strong>saucm</strong></span> <span class='ocrx_word' id='word_1_149' title='bbox 250 1298 374 1365; x_wconf 67' lang='lat' dir='ltr'><strong>celeria,</strong></span> <span class='ocrx_word' id='word_1_150' title='bbox 395 1296 496 1356; x_wconf 88' lang='lat' dir='ltr'><strong>babere</strong></span> <span class='ocrx_word' id='word_1_151' title='bbox 518 1296 582 1353; x_wconf 91' lang='lat' dir='ltr'><strong>volo</strong></span> <span class='ocrx_word' id='word_1_152' title='bbox 600 1310 633 1352; x_wconf 90' lang='lat' dir='ltr'><strong>ac</strong></span> <span class='ocrx_word' id='word_1_153' title='bbox 652 1295 746 1364; x_wconf 83' lang='lat' dir='ltr'><strong>jubeo.</strong></span> <span class='ocrx_word' id='word_1_154' title='bbox 770 1292 922 1364; x_wconf 87' lang='lat' dir='ltr'><strong>lrumoque,</strong></span> <span class='ocrx_word' id='word_1_155' title='bbox 976 1295 1004 1350; x_wconf 91' lang='lat' dir='ltr'><strong>in</strong></span> <span class='ocrx_word' id='word_1_156' title='bbox 1023 1295 1093 1350; x_wconf 89' lang='lat' dir='ltr'><strong>valle</strong></span> <span class='ocrx_word' id='word_1_157' title='bbox 1106 1296 1287 1353; x_wconf 86' lang='lat' dir='ltr'><strong>Gereutonica</strong></span> <span class='ocrx_word' id='word_1_158' title='bbox 1301 1305 1330 1352; x_wconf 89' lang='lat' dir='ltr'><strong>ot</strong></span> <span class='ocrx_word' id='word_1_159' title='bbox 1353 1297 1380 1352; x_wconf 90' lang='lat' dir='ltr'><strong>in</strong></span> <span class='ocrx_word' id='word_1_160' title='bbox 1399 1297 1578 1368; x_wconf 81' lang='lat' dir='ltr'><strong>balis,qucvn</strong></span> <span class='ocrx_word' id='word_1_161' title='bbox 1602 1299 1635 1354; x_wconf 90' lang='lat' dir='ltr'><strong>nd</strong></span> <span class='ocrx_word' id='word_1_162' title='bbox 1659 1300 1771 1356; x_wconf 82' lang='lat' dir='ltr'><strong>libertos</strong></span> 
     </span>
     <span class='ocr_line' id='line_1_13' title="bbox 133 1382 1772 1459; baseline 0.004 -19"><span class='ocrx_word' id='word_1_163' title='bbox 133 1385 260 1458; x_wconf 88' lang='lat' dir='ltr'><strong>quicquid</strong></span> <span class='ocrx_word' id='word_1_164' title='bbox 274 1386 301 1441; x_wconf 92' lang='lat' dir='ltr'><strong>in</strong></span> <span class='ocrx_word' id='word_1_165' title='bbox 315 1386 386 1442; x_wconf 84' lang='lat' dir='ltr'><strong>valle</strong></span> <span class='ocrx_word' id='word_1_166' title='bbox 399 1384 622 1451; x_wconf 88' lang='lat' dir='ltr'><strong>bareutasiense,</strong></span> <span class='ocrx_word' id='word_1_167' title='bbox 634 1399 667 1440; x_wconf 89' lang='lat' dir='ltr'><strong>ex</strong></span> <span class='ocrx_word' id='word_1_168' title='bbox 681 1382 760 1440; x_wconf 86' lang='lat' dir='ltr'><strong>aloda</strong></span> <span class='ocrx_word' id='word_1_169' title='bbox 781 1390 924 1457; x_wconf 84' lang='lat' dir='ltr'><strong>pareatum</strong></span> <span class='ocrx_word' id='word_1_170' title='bbox 976 1400 1060 1452; x_wconf 90' lang='lat' dir='ltr'><strong>meos,</strong></span> <span class='ocrx_word' id='word_1_171' title='bbox 1076 1400 1157 1455; x_wconf 89' lang='lat' dir='ltr'><strong>quem</strong></span> <span class='ocrx_word' id='word_1_172' title='bbox 1168 1384 1345 1442; x_wconf 83' lang='lat' dir='ltr'><strong>Tbeudoaldo</strong></span> <span class='ocrx_word' id='word_1_173' title='bbox 1361 1394 1389 1442; x_wconf 91' lang='lat' dir='ltr'><strong>et</strong></span> <span class='ocrx_word' id='word_1_174' title='bbox 1406 1387 1528 1444; x_wconf 73' lang='lat' dir='ltr'><strong>lione-rio</strong></span> <span class='ocrx_word' id='word_1_175' title='bbox 1549 1389 1621 1453; x_wconf 93' lang='lat' dir='ltr'><strong>dedi,</strong></span> <span class='ocrx_word' id='word_1_176' title='bbox 1634 1399 1664 1444; x_wconf 90' lang='lat' dir='ltr'><strong>ut</strong></span> <span class='ocrx_word' id='word_1_177' title='bbox 1678 1390 1728 1459; x_wconf 86' lang='lat' dir='ltr'><strong>ipsi</strong></span> <span class='ocrx_word' id='word_1_178' title='bbox 1743 1397 1772 1447; x_wconf 90' lang='lat' dir='ltr'><strong>et</strong></span> 
     </span>
     <span class='ocr_line' id='line_1_14' title="bbox 133 1474 1771 1550; baseline 0.002 -19"><span class='ocrx_word' id='word_1_179' title='bbox 133 1486 298 1545; x_wconf 87' lang='lat' dir='ltr'><strong>nostrorum,</strong></span> <span class='ocrx_word' id='word_1_180' title='bbox 312 1477 355 1533; x_wconf 88' lang='lat' dir='ltr'><strong>vel</strong></span> <span class='ocrx_word' id='word_1_181' title='bbox 368 1477 441 1549; x_wconf 88' lang='lat' dir='ltr'><strong>quod</strong></span> <span class='ocrx_word' id='word_1_182' title='bbox 452 1478 487 1536; x_wconf 87' lang='lat' dir='ltr'><strong>de</strong></span> <span class='ocrx_word' id='word_1_183' title='bbox 499 1476 612 1550; x_wconf 62' lang='lat' dir='ltr'><strong>Stauris</strong></span> <span class='ocrx_word' id='word_1_184' title='bbox 625 1475 723 1532; x_wconf 75' lang='lat' dir='ltr'><strong>ibidum</strong></span> <span class='ocrx_word' id='word_1_185' title='bbox 735 1474 769 1532; x_wconf 92' lang='lat' dir='ltr'><strong>ad</strong></span> <span class='ocrx_word' id='word_1_186' title='bbox 789 1490 840 1532; x_wconf 88' lang='lat' dir='ltr'><strong>nos</strong></span> <span class='ocrx_word' id='word_1_187' title='bbox 862 1488 923 1545; x_wconf 87' lang='lat' dir='ltr'><strong>per·</strong></span> <span class='ocrx_word' id='word_1_188' title='bbox 975 1474 1092 1534; x_wconf 68' lang='lat' dir='ltr'><strong>minuitas</strong></span> <span class='ocrx_word' id='word_1_189' title='bbox 1102 1475 1222 1546; x_wconf 85' lang='lat' dir='ltr'><strong>ipsorum</strong></span> <span class='ocrx_word' id='word_1_190' title='bbox 1233 1475 1362 1547; x_wconf 87' lang='lat' dir='ltr'><strong>habeant,</strong></span> <span class='ocrx_word' id='word_1_191' title='bbox 1377 1485 1406 1535; x_wconf 84' lang='lat' dir='ltr'><strong>et</strong></span> <span class='ocrx_word' id='word_1_192' title='bbox 1419 1478 1453 1534; x_wconf 87' lang='lat' dir='ltr'><strong>ad</strong></span> <span class='ocrx_word' id='word_1_193' title='bbox 1466 1478 1594 1536; x_wconf 82' lang='lat' dir='ltr'><strong>heredem</strong></span> <span class='ocrx_word' id='word_1_194' title='bbox 1614 1493 1701 1535; x_wconf 87' lang='lat' dir='ltr'><strong>rucaur</strong></span> <span class='ocrx_word' id='word_1_195' title='bbox 1726 1495 1771 1534; x_wconf 89' lang='lat' dir='ltr'><strong>sa·</strong></span> 
     </span>
     <span class='ocr_line' id='line_1_15' title="bbox 132 1562 1771 1642; baseline 0.001 -17"><span class='ocrx_word' id='word_1_196' title='bbox 132 1569 215 1634; x_wconf 83' lang='lat' dir='ltr'><strong>venit,</strong></span> <span class='ocrx_word' id='word_1_197' title='bbox 228 1583 280 1624; x_wconf 90' lang='lat' dir='ltr'><strong>uua</strong></span> <span class='ocrx_word' id='word_1_198' title='bbox 296 1584 358 1625; x_wconf 91' lang='lat' dir='ltr'><strong>curu</strong></span> <span class='ocrx_word' id='word_1_199' title='bbox 368 1568 520 1638; x_wconf 68' lang='lat' dir='ltr'><strong>mandalis,</strong></span> <span class='ocrx_word' id='word_1_200' title='bbox 532 1566 647 1633; x_wconf 87' lang='lat' dir='ltr'><strong>libertis,</strong></span> <span class='ocrx_word' id='word_1_201' title='bbox 660 1565 774 1631; x_wconf 88' lang='lat' dir='ltr'><strong>colonis,</strong></span> <span class='ocrx_word' id='word_1_202' title='bbox 787 1562 925 1634; x_wconf 71' lang='lat' dir='ltr'><strong>inquilinis</strong></span> <span class='ocrx_word' id='word_1_203' title='bbox 975 1575 1119 1623; x_wconf 88' lang='lat' dir='ltr'><strong>crosancta</strong></span> <span class='ocrx_word' id='word_1_204' title='bbox 1132 1567 1247 1624; x_wconf 88' lang='lat' dir='ltr'><strong>ecclesia</strong></span> <span class='ocrx_word' id='word_1_205' title='bbox 1262 1568 1395 1639; x_wconf 89' lang='lat' dir='ltr'><strong>aspiciant</strong></span> <span class='ocrx_word' id='word_1_206' title='bbox 1421 1586 1428 1623; x_wconf 91' lang='lat'><strong>:</strong></span> <span class='ocrx_word' id='word_1_207' title='bbox 1459 1570 1509 1626; x_wconf 90' lang='lat' dir='ltr'><strong>ista</strong></span> <span class='ocrx_word' id='word_1_208' title='bbox 1532 1569 1623 1625; x_wconf 86' lang='lat' dir='ltr'><strong>omnia</strong></span> <span class='ocrx_word' id='word_1_209' title='bbox 1647 1570 1771 1642; x_wconf 72' lang='lat' dir='ltr'><strong>supuius</strong></span> 
     </span>
     <span class='ocr_line' id='line_1_16' title="bbox 132 1653 1771 1732; baseline 0.003 -19"><span class='ocrx_word' id='word_1_210' title='bbox 132 1663 162 1713; x_wconf 88' lang='lat' dir='ltr'><strong>et</strong></span> <span class='ocrx_word' id='word_1_211' title='bbox 171 1657 267 1721; x_wconf 86' lang='lat' dir='ltr'><strong>serris,</strong></span> <span class='ocrx_word' id='word_1_212' title='bbox 279 1666 306 1713; x_wconf 88' lang='lat' dir='ltr'><strong>te</strong></span> <span class='ocrx_word' id='word_1_213' title='bbox 324 1657 452 1714; x_wconf 78' lang='lat' dir='ltr'><strong>heredem</strong></span> <span class='ocrx_word' id='word_1_214' title='bbox 467 1655 642 1714; x_wconf 71' lang='lat' dir='ltr'><strong>habemvolo</strong></span> <span class='ocrx_word' id='word_1_215' title='bbox 654 1663 736 1724; x_wconf 88' lang='lat' dir='ltr'><strong>atque</strong></span> <span class='ocrx_word' id='word_1_216' title='bbox 749 1653 887 1724; x_wconf 82' lang='lat' dir='ltr'><strong>precipio.</strong></span> <span class='ocrx_word' id='word_1_217' title='bbox 975 1659 1183 1730; x_wconf 82' lang='lat' dir='ltr'><strong>comprehensa,</strong></span> <span class='ocrx_word' id='word_1_218' title='bbox 1194 1675 1248 1715; x_wconf 90' lang='lat' dir='ltr'><strong>una</strong></span> <span class='ocrx_word' id='word_1_219' title='bbox 1259 1676 1321 1716; x_wconf 89' lang='lat' dir='ltr'><strong>curn</strong></span> <span class='ocrx_word' id='word_1_220' title='bbox 1334 1660 1466 1730; x_wconf 81' lang='lat' dir='ltr'><strong>adjunctis</strong></span> <span class='ocrx_word' id='word_1_221' title='bbox 1479 1660 1692 1732; x_wconf 75' lang='lat' dir='ltr'><strong>adjacentiisque</strong></span> <span class='ocrx_word' id='word_1_222' title='bbox 1702 1663 1771 1730; x_wconf 88' lang='lat' dir='ltr'><strong>suis,</strong></span> 
     </span>
     <span class='ocr_line' id='line_1_17' title="bbox 169 1736 1770 1824; baseline 0.004 -20"><span class='ocrx_word' id='word_1_223' title='bbox 169 1746 210 1804; x_wconf 81' lang='lat' dir='ltr'><strong>De</strong></span> <span class='ocrx_word' id='word_1_224' title='bbox 225 1748 477 1819; x_wconf 88' lang='lat' dir='ltr'><strong>Gratianopolitano</strong></span> <span class='ocrx_word' id='word_1_225' title='bbox 497 1760 569 1819; x_wconf 70' lang='lat' dir='ltr'><strong>pugo</strong></span> <span class='ocrx_word' id='word_1_226' title='bbox 583 1745 691 1819; x_wconf 80' lang='lat' dir='ltr'><strong>[omissa</strong></span> <span class='ocrx_word' id='word_1_227' title='bbox 701 1745 729 1800; x_wconf 83' lang='lat' dir='ltr'><strong>ist</strong></span> <span class='ocrx_word' id='word_1_228' title='bbox 740 1742 804 1818; x_wconf 64' lang='grc' dir='ltr'><strong>Η.</strong></span> <span class='ocrx_word' id='word_1_229' title='bbox 820 1742 922 1802; x_wconf 78' lang='lat' dir='ltr'><strong>stnlli·</strong></span> <span class='ocrx_word' id='word_1_230' title='bbox 938 1736 1094 1822; x_wconf 78' lang='lat' dir='ltr'><strong>Bcarnpis,</strong></span> <span class='ocrx_word' id='word_1_231' title='bbox 1119 1750 1223 1821; x_wconf 84' lang='lat' dir='ltr'><strong>pratis,</strong></span> <span class='ocrx_word' id='word_1_232' title='bbox 1244 1751 1370 1821; x_wconf 76' lang='lat' dir='ltr'><strong>pascuis,</strong></span> <span class='ocrx_word' id='word_1_233' title='bbox 1389 1751 1477 1819; x_wconf 89' lang='lat' dir='ltr'><strong>silvis,</strong></span> <span class='ocrx_word' id='word_1_234' title='bbox 1490 1752 1605 1822; x_wconf 85' lang='lat' dir='ltr'><strong>alpibus,</strong></span> <span class='ocrx_word' id='word_1_235' title='bbox 1621 1753 1770 1824; x_wconf 80' lang='lat' dir='ltr'><strong>morrbbus,</strong></span> 
     </span>
     <span class='ocr_line' id='line_1_18' title="bbox 131 1835 1770 1913; baseline 0.001 -16"><span class='ocrx_word' id='word_1_236' title='bbox 131 1844 176 1897; x_wconf 77' lang='lat' dir='ltr'><strong>tar</strong></span> <span class='ocrx_word' id='word_1_237' title='bbox 188 1839 214 1893; x_wconf 90' lang='lat' dir='ltr'><strong>iu</strong></span> <span class='ocrx_word' id='word_1_238' title='bbox 224 1852 294 1909; x_wconf 80' lang='lat' dir='ltr'><strong>pago</strong></span> <span class='ocrx_word' id='word_1_239' title='bbox 304 1839 564 1910; x_wconf 86' lang='lat' dir='ltr'><strong>Gratianopolitano,</strong></span> <span class='ocrx_word' id='word_1_240' title='bbox 572 1837 686 1906; x_wconf 86' lang='lat' dir='ltr'><strong>Olonna,</strong></span> <span class='ocrx_word' id='word_1_241' title='bbox 693 1851 774 1907; x_wconf 77' lang='lat' dir='ltr'><strong>quens</strong></span> <span class='ocrx_word' id='word_1_242' title='bbox 783 1835 818 1894; x_wconf 89' lang='lat' dir='ltr'><strong>ad</strong></span> <span class='ocrx_word' id='word_1_243' title='bbox 827 1835 926 1894; x_wconf 81' lang='lat' dir='ltr'><strong>liberta</strong></span> <span class='ocrx_word' id='word_1_244' title='bbox 976 1838 1041 1893; x_wconf 87' lang='lat' dir='ltr'><strong>rivis</strong></span> <span class='ocrx_word' id='word_1_245' title='bbox 1050 1853 1217 1909; x_wconf 78' lang='lat' dir='ltr'><strong>aquarumve</strong></span> <span class='ocrx_word' id='word_1_246' title='bbox 1229 1841 1400 1908; x_wconf 79' lang='lat' dir='ltr'><strong>decursibus,</strong></span> <span class='ocrx_word' id='word_1_247' title='bbox 1414 1840 1541 1913; x_wconf 86' lang='lat' dir='ltr'><strong>accisque</strong></span> <span class='ocrx_word' id='word_1_248' title='bbox 1555 1841 1690 1906; x_wconf 86' lang='lat' dir='ltr'><strong>omuibus,</strong></span> <span class='ocrx_word' id='word_1_249' title='bbox 1705 1857 1770 1899; x_wconf 88' lang='lat' dir='ltr'><strong>cum</strong></span> 
     </span>
     <span class='ocr_line' id='line_1_19' title="bbox 132 1927 1772 1999; baseline 0.002 -13"><span class='ocrx_word' id='word_1_250' title='bbox 132 1946 303 1992; x_wconf 87' lang='lat' dir='ltr'><strong>meauomen</strong></span> <span class='ocrx_word' id='word_1_251' title='bbox 318 1932 478 1989; x_wconf 70' lang='lat' dir='ltr'><strong>sendeberti</strong></span> <span class='ocrx_word' id='word_1_252' title='bbox 491 1931 637 1998; x_wconf 88' lang='lat' dir='ltr'><strong>dodi,volo</strong></span> <span class='ocrx_word' id='word_1_253' title='bbox 652 1939 683 1986; x_wconf 88' lang='lat' dir='ltr'><strong>ut</strong></span> <span class='ocrx_word' id='word_1_254' title='bbox 702 1928 809 1986; x_wconf 80' lang='lat' dir='ltr'><strong>habeas</strong></span> <span class='ocrx_word' id='word_1_255' title='bbox 829 1928 925 1989; x_wconf 83' lang='lat' dir='ltr'><strong>ttissn-</strong></span> <span class='ocrx_word' id='word_1_256' title='bbox 976 1940 1086 1985; x_wconf 87' lang='lat' dir='ltr'><strong>omnem</strong></span> <span class='ocrx_word' id='word_1_257' title='bbox 1109 1927 1173 1999; x_wconf 82' lang='lat' dir='ltr'><strong>jure</strong></span> <span class='ocrx_word' id='word_1_258' title='bbox 1200 1930 1244 1986; x_wconf 88' lang='lat' dir='ltr'><strong>val</strong></span> <span class='ocrx_word' id='word_1_259' title='bbox 1267 1931 1412 1986; x_wconf 84' lang='lat' dir='ltr'><strong>terminum</strong></span> <span class='ocrx_word' id='word_1_260' title='bbox 1424 1945 1530 1999; x_wconf 83' lang='lat' dir='ltr'><strong>earnm,</strong></span> <span class='ocrx_word' id='word_1_261' title='bbox 1545 1939 1584 1996; x_wconf 85' lang='lat' dir='ltr'><strong>tu,</strong></span> <span class='ocrx_word' id='word_1_262' title='bbox 1595 1938 1772 1990; x_wconf 81' lang='lat' dir='ltr'><strong>sacrosancta</strong></span> 
     </span>
     <span class='ocr_line' id='line_1_20' title="bbox 131 2017 1653 2095; baseline 0 -17"><span class='ocrx_word' id='word_1_263' title='bbox 131 2024 210 2081; x_wconf 85' lang='lat' dir='ltr'><strong>riarro</strong></span> <span class='ocrx_word' id='word_1_264' title='bbox 219 2039 300 2095; x_wconf 90' lang='lat' dir='ltr'><strong>quem</strong></span> <span class='ocrx_word' id='word_1_265' title='bbox 313 2024 347 2085; x_wconf 87' lang='lat' dir='ltr'><strong>de</strong></span> <span class='ocrx_word' id='word_1_266' title='bbox 359 2024 462 2095; x_wconf 76' lang='lat' dir='ltr'><strong>siagria</strong></span> <span class='ocrx_word' id='word_1_267' title='bbox 477 2023 645 2095; x_wconf 86' lang='lat' dir='ltr'><strong>conquesivi,</strong></span> <span class='ocrx_word' id='word_1_268' title='bbox 656 2020 766 2078; x_wconf 81' lang='lat' dir='ltr'><strong>viniaco</strong></span> <span class='ocrx_word' id='word_1_269' title='bbox 779 2028 807 2076; x_wconf 83' lang='lat' dir='ltr'><strong>nt</strong></span> <span class='ocrx_word' id='word_1_270' title='bbox 820 2018 920 2077; x_wconf 79' lang='lat' dir='ltr'><strong>Cornu·</strong></span> <span class='ocrx_word' id='word_1_271' title='bbox 975 2017 1101 2085; x_wconf 87' lang='lat' dir='ltr'><strong>ecclesia,</strong></span> <span class='ocrx_word' id='word_1_272' title='bbox 1112 2019 1274 2087; x_wconf 72' lang='lat' dir='ltr'><strong>sareanen,</strong></span> <span class='ocrx_word' id='word_1_273' title='bbox 1288 2028 1319 2076; x_wconf 87' lang='lat' dir='ltr'><strong>ut</strong></span> <span class='ocrx_word' id='word_1_274' title='bbox 1332 2021 1434 2077; x_wconf 85' lang='lat' dir='ltr'><strong>lrnbeas</strong></span> <span class='ocrx_word' id='word_1_275' title='bbox 1444 2021 1506 2076; x_wconf 91' lang='lat' dir='ltr'><strong>volo</strong></span> <span class='ocrx_word' id='word_1_276' title='bbox 1519 2020 1653 2089; x_wconf 81' lang='lat' dir='ltr'><strong>aciubeo.</strong></span> 
     </span>
     <span class='ocr_line' id='line_1_21' title="bbox 131 2109 1772 2185; baseline -0.001 -15"><span class='ocrx_word' id='word_1_277' title='bbox 131 2131 208 2182; x_wconf 79' lang='lat' dir='ltr'><strong>nram,</strong></span> <span class='ocrx_word' id='word_1_278' title='bbox 223 2130 333 2185; x_wconf 85' lang='lat' dir='ltr'><strong>querna</strong></span> <span class='ocrx_word' id='word_1_279' title='bbox 365 2117 461 2172; x_wconf 86' lang='lat' dir='ltr'><strong>liberta</strong></span> <span class='ocrx_word' id='word_1_280' title='bbox 487 2129 548 2170; x_wconf 85' lang='lat' dir='ltr'><strong>urea</strong></span> <span class='ocrx_word' id='word_1_281' title='bbox 569 2127 667 2172; x_wconf 89' lang='lat' dir='ltr'><strong>nomen</strong></span> <span class='ocrx_word' id='word_1_282' title='bbox 690 2111 827 2169; x_wconf 79' lang='lat' dir='ltr'><strong>Auriliana</strong></span> <span class='ocrx_word' id='word_1_283' title='bbox 848 2111 922 2178; x_wconf 85' lang='lat' dir='ltr'><strong>dedi,</strong></span> <span class='ocrx_word' id='word_1_284' title='bbox 1010 2109 1141 2170; x_wconf 87' lang='lat' dir='ltr'><strong>Similiter</strong></span> <span class='ocrx_word' id='word_1_285' title='bbox 1161 2112 1275 2170; x_wconf 87' lang='lat' dir='ltr'><strong>libertus</strong></span> <span class='ocrx_word' id='word_1_286' title='bbox 1298 2120 1407 2169; x_wconf 84' lang='lat' dir='ltr'><strong>nostros</strong></span> <span class='ocrx_word' id='word_1_287' title='bbox 1433 2112 1710 2184; x_wconf 80' lang='lat' dir='ltr'><strong>invalledquisinua,</strong></span> <span class='ocrx_word' id='word_1_288' title='bbox 1723 2112 1772 2183; x_wconf 92' lang='lat' dir='ltr'><strong>qui</strong></span> 
     </span>
     <span class='ocr_line' id='line_1_22' title="bbox 131 2201 1771 2278; baseline -0.001 -17"><span class='ocrx_word' id='word_1_289' title='bbox 131 2207 205 2276; x_wconf 88' lang='lat' dir='ltr'><strong>ipsas</strong></span> <span class='ocrx_word' id='word_1_290' title='bbox 219 2206 328 2262; x_wconf 87' lang='lat' dir='ltr'><strong>libertas</strong></span> <span class='ocrx_word' id='word_1_291' title='bbox 341 2221 426 2273; x_wconf 85' lang='lat' dir='ltr'><strong>urens,</strong></span> <span class='ocrx_word' id='word_1_292' title='bbox 436 2221 497 2263; x_wconf 86' lang='lat' dir='ltr'><strong>curu</strong></span> <span class='ocrx_word' id='word_1_293' title='bbox 510 2205 581 2278; x_wconf 87' lang='lat' dir='ltr'><strong>ipsas</strong></span> <span class='ocrx_word' id='word_1_294' title='bbox 594 2218 648 2268; x_wconf 86' lang='lat' dir='ltr'><strong>res,</strong></span> <span class='ocrx_word' id='word_1_295' title='bbox 659 2201 722 2259; x_wconf 89' lang='lat' dir='ltr'><strong>volo</strong></span> <span class='ocrx_word' id='word_1_296' title='bbox 736 2209 765 2258; x_wconf 90' lang='lat' dir='ltr'><strong>ut</strong></span> <span class='ocrx_word' id='word_1_297' title='bbox 776 2201 875 2256; x_wconf 86' lang='lat' dir='ltr'><strong>labeas</strong></span> <span class='ocrx_word' id='word_1_298' title='bbox 888 2214 921 2256; x_wconf 86' lang='lat' dir='ltr'><strong>ae</strong></span> <span class='ocrx_word' id='word_1_299' title='bbox 974 2202 1008 2259; x_wconf 88' lang='lat' dir='ltr'><strong>ad</strong></span> <span class='ocrx_word' id='word_1_300' title='bbox 1023 2212 1150 2274; x_wconf 65' lang='lat' dir='ltr'><strong>paremus,</strong></span> <span class='ocrx_word' id='word_1_301' title='bbox 1163 2213 1271 2261; x_wconf 88' lang='lat' dir='ltr'><strong>nostrus</strong></span> <span class='ocrx_word' id='word_1_302' title='bbox 1288 2212 1463 2274; x_wconf 85' lang='lat' dir='ltr'><strong>aspexerunt,</strong></span> <span class='ocrx_word' id='word_1_303' title='bbox 1490 2220 1540 2261; x_wconf 91' lang='lat' dir='ltr'><strong>seu</strong></span> <span class='ocrx_word' id='word_1_304' title='bbox 1562 2213 1591 2261; x_wconf 92' lang='lat' dir='ltr'><strong>et</strong></span> <span class='ocrx_word' id='word_1_305' title='bbox 1616 2204 1677 2275; x_wconf 90' lang='lat' dir='ltr'><strong>ipso</strong></span> <span class='ocrx_word' id='word_1_306' title='bbox 1699 2219 1771 2275; x_wconf 78' lang='lat' dir='ltr'><strong>paqo</strong></span> 
     </span>
     <span class='ocr_line' id='line_1_23' title="bbox 129 2292 1770 2366; baseline 0.002 -16"><span class='ocrx_word' id='word_1_307' title='bbox 129 2294 230 2364; x_wconf 81' lang='lat' dir='ltr'><strong>iubeo;</strong></span> <span class='ocrx_word' id='word_1_308' title='bbox 246 2310 294 2352; x_wconf 87' lang='lat' dir='ltr'><strong>seu</strong></span> <span class='ocrx_word' id='word_1_309' title='bbox 306 2296 333 2350; x_wconf 90' lang='lat' dir='ltr'><strong>in</strong></span> <span class='ocrx_word' id='word_1_310' title='bbox 347 2295 495 2360; x_wconf 69' lang='lat' dir='ltr'><strong>aravardo,</strong></span> <span class='ocrx_word' id='word_1_311' title='bbox 511 2308 566 2351; x_wconf 86' lang='lat' dir='ltr'><strong>nna</strong></span> <span class='ocrx_word' id='word_1_312' title='bbox 589 2308 651 2349; x_wconf 87' lang='lat' dir='ltr'><strong>curn</strong></span> <span class='ocrx_word' id='word_1_313' title='bbox 673 2292 786 2350; x_wconf 86' lang='lat' dir='ltr'><strong>libertos</strong></span> <span class='ocrx_word' id='word_1_314' title='bbox 799 2298 919 2356; x_wconf 86' lang='lat' dir='ltr'><strong>nostros,</strong></span> <span class='ocrx_word' id='word_1_315' title='bbox 975 2293 1131 2363; x_wconf 70' lang='lat' dir='ltr'><strong>Brigantiae</strong></span> <span class='ocrx_word' id='word_1_316' title='bbox 1146 2308 1318 2350; x_wconf 83' lang='lat' dir='ltr'><strong>commanere</strong></span> <span class='ocrx_word' id='word_1_317' title='bbox 1332 2294 1475 2363; x_wconf 88' lang='lat' dir='ltr'><strong>videntur,</strong></span> <span class='ocrx_word' id='word_1_318' title='bbox 1491 2295 1562 2352; x_wconf 91' lang='lat' dir='ltr'><strong>unde</strong></span> <span class='ocrx_word' id='word_1_319' title='bbox 1576 2295 1673 2352; x_wconf 84' lang='lat' dir='ltr'><strong>vitalis</strong></span> <span class='ocrx_word' id='word_1_320' title='bbox 1693 2295 1770 2366; x_wconf 87' lang='lat' dir='ltr'><strong>capi·</strong></span> 
     </span>
     <span class='ocr_line' id='line_1_24' title="bbox 132 2381 1770 2458; baseline 0.002 -17"><span class='ocrx_word' id='word_1_321' title='bbox 132 2385 342 2458; x_wconf 65' lang='lat' dir='ltr'><strong>magnebertum,</strong></span> <span class='ocrx_word' id='word_1_322' title='bbox 359 2401 412 2442; x_wconf 91' lang='lat' dir='ltr'><strong>una</strong></span> <span class='ocrx_word' id='word_1_323' title='bbox 425 2401 486 2442; x_wconf 86' lang='lat' dir='ltr'><strong>cura</strong></span> <span class='ocrx_word' id='word_1_324' title='bbox 500 2399 630 2454; x_wconf 72' lang='lat' dir='ltr'><strong>normano</strong></span> <span class='ocrx_word' id='word_1_325' title='bbox 642 2399 693 2440; x_wconf 86' lang='lat' dir='ltr'><strong>suo</strong></span> <span class='ocrx_word' id='word_1_326' title='bbox 711 2383 859 2449; x_wconf 84' lang='lat' dir='ltr'><strong>Columbo,</strong></span> <span class='ocrx_word' id='word_1_327' title='bbox 874 2381 922 2437; x_wconf 85' lang='lat' dir='ltr'><strong>lli·</strong></span> <span class='ocrx_word' id='word_1_328' title='bbox 975 2383 1091 2440; x_wconf 89' lang='lat' dir='ltr'><strong>tularius</strong></span> <span class='ocrx_word' id='word_1_329' title='bbox 1105 2393 1158 2450; x_wconf 86' lang='lat' dir='ltr'><strong>est,</strong></span> <span class='ocrx_word' id='word_1_330' title='bbox 1170 2384 1203 2441; x_wconf 96' lang='lat' dir='ltr'><strong>ad</strong></span> <span class='ocrx_word' id='word_1_331' title='bbox 1218 2395 1369 2449; x_wconf 77' lang='lat' dir='ltr'><strong>memmata</strong></span> <span class='ocrx_word' id='word_1_332' title='bbox 1392 2387 1506 2444; x_wconf 83' lang='lat' dir='ltr'><strong>ecclesia</strong></span> <span class='ocrx_word' id='word_1_333' title='bbox 1530 2385 1657 2445; x_wconf 75' lang='lat' dir='ltr'><strong>heredem</strong></span> <span class='ocrx_word' id='word_1_334' title='bbox 1681 2402 1770 2446; x_wconf 87' lang='lat' dir='ltr'><strong>meatu</strong></span> 
     </span>
     <span class='ocr_line' id='line_1_25' title="bbox 132 2475 1767 2548; baseline 0.001 -14"><span class='ocrx_word' id='word_1_335' title='bbox 132 2479 276 2543; x_wconf 88' lang='lat' dir='ltr'><strong>sicasiana,</strong></span> <span class='ocrx_word' id='word_1_336' title='bbox 291 2478 429 2546; x_wconf 84' lang='lat' dir='ltr'><strong>llesntico,</strong></span> <span class='ocrx_word' id='word_1_337' title='bbox 442 2478 553 2543; x_wconf 76' lang='lat' dir='ltr'><strong>dambe,</strong></span> <span class='ocrx_word' id='word_1_338' title='bbox 568 2477 720 2544; x_wconf 82' lang='lat' dir='ltr'><strong>erintiaco,</strong></span> <span class='ocrx_word' id='word_1_339' title='bbox 738 2475 896 2532; x_wconf 88' lang='lat' dir='ltr'><strong>viennatico</strong></span> <span class='ocrx_word' id='word_1_340' title='bbox 912 2491 919 2527; x_wconf 91' lang='lat'><strong>:</strong></span> <span class='ocrx_word' id='word_1_341' title='bbox 975 2482 1006 2528; x_wconf 93' lang='lat' dir='ltr'><strong>ut</strong></span> <span class='ocrx_word' id='word_1_342' title='bbox 1019 2475 1151 2544; x_wconf 86' lang='lat' dir='ltr'><strong>aspiciant</strong></span> <span class='ocrx_word' id='word_1_343' title='bbox 1165 2482 1193 2532; x_wconf 93' lang='lat' dir='ltr'><strong>et</strong></span> <span class='ocrx_word' id='word_1_344' title='bbox 1206 2476 1392 2548; x_wconf 89' lang='lat' dir='ltr'><strong>inpensionem</strong></span> <span class='ocrx_word' id='word_1_345' title='bbox 1408 2477 1509 2533; x_wconf 83' lang='lat' dir='ltr'><strong>laniant</strong></span> <span class='ocrx_word' id='word_1_346' title='bbox 1531 2478 1594 2534; x_wconf 89' lang='lat' dir='ltr'><strong>volo</strong></span> <span class='ocrx_word' id='word_1_347' title='bbox 1617 2493 1649 2534; x_wconf 85' lang='lat' dir='ltr'><strong>ac</strong></span> <span class='ocrx_word' id='word_1_348' title='bbox 1672 2477 1767 2548; x_wconf 84' lang='lat' dir='ltr'><strong>jubeo.</strong></span> 
     </span>
     <span class='ocr_line' id='line_1_26' title="bbox 133 2564 1767 2642; baseline 0.004 -19"><span class='ocrx_word' id='word_1_349' title='bbox 133 2567 184 2623; x_wconf 90' lang='lat' dir='ltr'><strong>ista</strong></span> <span class='ocrx_word' id='word_1_350' title='bbox 211 2568 300 2624; x_wconf 89' lang='lat' dir='ltr'><strong>omnia</strong></span> <span class='ocrx_word' id='word_1_351' title='bbox 322 2567 516 2638; x_wconf 89' lang='lat' dir='ltr'><strong>suprascripta,</strong></span> <span class='ocrx_word' id='word_1_352' title='bbox 529 2582 582 2624; x_wconf 90' lang='lat' dir='ltr'><strong>una</strong></span> <span class='ocrx_word' id='word_1_353' title='bbox 607 2564 784 2623; x_wconf 79' lang='lat' dir='ltr'><strong>conlibertis</strong></span> <span class='ocrx_word' id='word_1_354' title='bbox 797 2578 829 2622; x_wconf 87' lang='lat' dir='ltr'><strong>ae</strong></span> <span class='ocrx_word' id='word_1_355' title='bbox 851 2565 922 2621; x_wconf 93' lang='lat' dir='ltr'><strong>colo·</strong></span> <span class='ocrx_word' id='word_1_356' title='bbox 975 2565 1070 2632; x_wconf 77' lang='lat' dir='ltr'><strong>Emona</strong></span> <span class='ocrx_word' id='word_1_357' title='bbox 1083 2584 1163 2640; x_wconf 89' lang='lat' dir='ltr'><strong>quem</strong></span> <span class='ocrx_word' id='word_1_358' title='bbox 1186 2569 1212 2627; x_wconf 87' lang='lat' dir='ltr'><strong>in</strong></span> <span class='ocrx_word' id='word_1_359' title='bbox 1226 2584 1296 2642; x_wconf 70' lang='lat' dir='ltr'><strong>pago</strong></span> <span class='ocrx_word' id='word_1_360' title='bbox 1310 2569 1499 2628; x_wconf 75' lang='lat' dir='ltr'><strong>Ebrcdunense</strong></span> <span class='ocrx_word' id='word_1_361' title='bbox 1513 2580 1542 2628; x_wconf 90' lang='lat' dir='ltr'><strong>et</strong></span> <span class='ocrx_word' id='word_1_362' title='bbox 1563 2571 1633 2629; x_wconf 87' lang='lat' dir='ltr'><strong>valle</strong></span> <span class='ocrx_word' id='word_1_363' title='bbox 1647 2570 1767 2630; x_wconf 81' lang='lat' dir='ltr'><strong>ssceense</strong></span> 
     </span>
     <span class='ocr_line' id='line_1_27' title="bbox 133 2655 1766 2737; baseline 0.002 -22"><span class='ocrx_word' id='word_1_364' title='bbox 133 2658 177 2715; x_wconf 88' lang='lat' dir='ltr'><strong>nis</strong></span> <span class='ocrx_word' id='word_1_365' title='bbox 190 2666 218 2714; x_wconf 93' lang='lat' dir='ltr'><strong>et</strong></span> <span class='ocrx_word' id='word_1_366' title='bbox 231 2659 378 2727; x_wconf 56' lang='lat' dir='ltr'><strong>servisvel</strong></span> <span class='ocrx_word' id='word_1_367' title='bbox 396 2673 490 2715; x_wconf 86' lang='lat' dir='ltr'><strong>omues</strong></span> <span class='ocrx_word' id='word_1_368' title='bbox 505 2657 670 2728; x_wconf 81' lang='lat' dir='ltr'><strong>adjacentias</strong></span> <span class='ocrx_word' id='word_1_369' title='bbox 678 2672 741 2715; x_wconf 85' lang='lat' dir='ltr'><strong>suas</strong></span> <span class='ocrx_word' id='word_1_370' title='bbox 751 2656 849 2728; x_wconf 85' lang='lat' dir='ltr'><strong>adipsa</strong></span> <span class='ocrx_word' id='word_1_371' title='bbox 863 2655 923 2713; x_wconf 89' lang='lat' dir='ltr'><strong>loca</strong></span> <span class='ocrx_word' id='word_1_372' title='bbox 976 2658 1095 2716; x_wconf 77' lang='lat' dir='ltr'><strong>bruitico</strong></span> <span class='ocrx_word' id='word_1_373' title='bbox 1104 2661 1241 2729; x_wconf 80' lang='lat' dir='ltr'><strong>portiones</strong></span> <span class='ocrx_word' id='word_1_374' title='bbox 1252 2659 1766 2737; x_wconf 76' lang='lat' dir='ltr'><strong>nosuasqucmVualdelbertopreaby-</strong></span> 
     </span>
     <span class='ocr_line' id='line_1_28' title="bbox 132 2745 1768 2826; baseline 0.005 -22"><span class='ocrx_word' id='word_1_375' title='bbox 132 2745 316 2819; x_wconf 78' lang='lat' dir='ltr'><strong>perimentes,</strong></span> <span class='ocrx_word' id='word_1_376' title='bbox 331 2747 358 2802; x_wconf 84' lang='lat' dir='ltr'><strong>in</strong></span> <span class='ocrx_word' id='word_1_377' title='bbox 383 2747 567 2818; x_wconf 90' lang='lat' dir='ltr'><strong>suprascripto</strong></span> <span class='ocrx_word' id='word_1_378' title='bbox 576 2759 648 2818; x_wconf 69' lang='lat' dir='ltr'><strong>pago</strong></span> <span class='ocrx_word' id='word_1_379' title='bbox 661 2745 923 2818; x_wconf 84' lang='lat' dir='ltr'><strong>Gratianopolitauo,</strong></span> <span class='ocrx_word' id='word_1_380' title='bbox 975 2758 1035 2808; x_wconf 89' lang='lat' dir='ltr'><strong>tero</strong></span> <span class='ocrx_word' id='word_1_381' title='bbox 1048 2752 1123 2810; x_wconf 91' lang='lat' dir='ltr'><strong>etde</strong></span> <span class='ocrx_word' id='word_1_382' title='bbox 1136 2753 1287 2825; x_wconf 71' lang='lat' dir='ltr'><strong>lthabrrga</strong></span> <span class='ocrx_word' id='word_1_383' title='bbox 1309 2754 1532 2825; x_wconf 80' lang='lat' dir='ltr'><strong>conquisivimus,</strong></span> <span class='ocrx_word' id='word_1_384' title='bbox 1548 2761 1576 2810; x_wconf 88' lang='lat' dir='ltr'><strong>ot</strong></span> <span class='ocrx_word' id='word_1_385' title='bbox 1600 2755 1635 2810; x_wconf 90' lang='lat' dir='ltr'><strong>de</strong></span> <span class='ocrx_word' id='word_1_386' title='bbox 1656 2754 1768 2826; x_wconf 89' lang='lat' dir='ltr'><strong>proprio</strong></span> 
     </span>
     <span class='ocr_line' id='line_1_29' title="bbox 131 2835 1769 2918; baseline 0.001 -15"><span class='ocrx_word' id='word_1_387' title='bbox 131 2844 174 2907; x_wconf 74' lang='lat'><strong>¹⁰.</strong></span> <span class='ocrx_word' id='word_1_388' title='bbox 184 2836 263 2893; x_wconf 64' lang='lat' dir='ltr'>heres</span> <span class='ocrx_word' id='word_1_389' title='bbox 272 2852 342 2904; x_wconf 66' lang='lat'><strong>¹³0²,</strong></span> <span class='ocrx_word' id='word_1_390' title='bbox 356 2847 386 2894; x_wconf 74' lang='lat'><strong>11²</strong></span> <span class='ocrx_word' id='word_1_391' title='bbox 394 2837 495 2895; x_wconf 61' lang='lat' dir='ltr'><strong>habeas</strong></span> <span class='ocrx_word' id='word_1_392' title='bbox 508 2838 571 2895; x_wconf 79' lang='lat' dir='ltr'><strong>v⁰l⁰</strong></span> <span class='ocrx_word' id='word_1_393' title='bbox 591 2847 673 2908; x_wconf 62' lang='lat' dir='ltr'><strong>wille</strong></span> <span class='ocrx_word' id='word_1_394' title='bbox 694 2835 830 2896; x_wconf 64' lang='lat' dir='ltr'><strong>illicem·</strong></span> <span class='ocrx_word' id='word_1_395' title='bbox 857 2838 923 2895; x_wconf 67' lang='grc' dir='ltr'><strong>ΜΝ</strong></span> <span class='ocrx_word' id='word_1_396' title='bbox 975 2845 1055 2903; x_wconf 90' lang='lat' dir='ltr'><strong>alode</strong></span> <span class='ocrx_word' id='word_1_397' title='bbox 1065 2860 1136 2913; x_wconf 86' lang='lat' dir='ltr'><strong>meo,</strong></span> <span class='ocrx_word' id='word_1_398' title='bbox 1148 2854 1176 2902; x_wconf 88' lang='lat' dir='ltr'><strong>et</strong></span> <span class='ocrx_word' id='word_1_399' title='bbox 1185 2846 1256 2918; x_wconf 88' lang='lat' dir='ltr'><strong>quod</strong></span> <span class='ocrx_word' id='word_1_400' title='bbox 1270 2845 1304 2902; x_wconf 88' lang='lat' dir='ltr'><strong>de</strong></span> <span class='ocrx_word' id='word_1_401' title='bbox 1319 2853 1432 2915; x_wconf 86' lang='lat' dir='ltr'><strong>parente</strong></span> <span class='ocrx_word' id='word_1_402' title='bbox 1451 2860 1510 2901; x_wconf 81' lang='lat' dir='ltr'><strong>urea</strong></span> <span class='ocrx_word' id='word_1_403' title='bbox 1534 2844 1645 2902; x_wconf 73' lang='lat' dir='ltr'><strong>(iudane</strong></span> <span class='ocrx_word' id='word_1_404' title='bbox 1666 2847 1700 2901; x_wconf 88' lang='lat' dir='ltr'><strong>ad</strong></span> <span class='ocrx_word' id='word_1_405' title='bbox 1722 2861 1769 2904; x_wconf 86' lang='lat' dir='ltr'><strong>ms</strong></span> 
     </span>
     <span class='ocr_line' id='line_1_30' title="bbox 131 2927 1768 3006; baseline 0.005 -23"><span class='ocrx_word' id='word_1_406' title='bbox 131 2942 213 2999; x_wconf 87' lang='lat' dir='ltr'><strong>quam</strong></span> <span class='ocrx_word' id='word_1_407' title='bbox 226 2927 253 2983; x_wconf 88' lang='lat' dir='ltr'><strong>in</strong></span> <span class='ocrx_word' id='word_1_408' title='bbox 268 2943 337 3001; x_wconf 75' lang='lat' dir='ltr'><strong>pago</strong></span> <span class='ocrx_word' id='word_1_409' title='bbox 349 2928 501 2986; x_wconf 71' lang='lat' dir='ltr'><strong>viennense</strong></span> <span class='ocrx_word' id='word_1_410' title='bbox 515 2928 685 2996; x_wconf 72' lang='lat' dir='ltr'><strong>bacuniano,</strong></span> <span class='ocrx_word' id='word_1_411' title='bbox 699 2942 781 2999; x_wconf 85' lang='lat' dir='ltr'><strong>quem</strong></span> <span class='ocrx_word' id='word_1_412' title='bbox 792 2927 828 2986; x_wconf 83' lang='lat' dir='ltr'><strong>da</strong></span> <span class='ocrx_word' id='word_1_413' title='bbox 841 2928 924 2986; x_wconf 84' lang='lat' dir='ltr'><strong>alode</strong></span> <span class='ocrx_word' id='word_1_414' title='bbox 975 2936 1110 3006; x_wconf 80' lang='lat' dir='ltr'><strong>persenit,</strong></span> <span class='ocrx_word' id='word_1_415' title='bbox 1122 2944 1150 2992; x_wconf 91' lang='lat' dir='ltr'><strong>et</strong></span> <span class='ocrx_word' id='word_1_416' title='bbox 1164 2935 1258 3006; x_wconf 82' lang='lat' dir='ltr'><strong>inipso</strong></span> <span class='ocrx_word' id='word_1_417' title='bbox 1270 2935 1339 2992; x_wconf 83' lang='lat' dir='ltr'><strong>valle</strong></span> <span class='ocrx_word' id='word_1_418' title='bbox 1354 2934 1506 3001; x_wconf 85' lang='lat' dir='ltr'><strong>llucceusc,</strong></span> <span class='ocrx_word' id='word_1_419' title='bbox 1521 2950 1601 3006; x_wconf 82' lang='lat' dir='ltr'><strong>quern</strong></span> <span class='ocrx_word' id='word_1_420' title='bbox 1614 2937 1649 2992; x_wconf 92' lang='lat' dir='ltr'><strong>de</strong></span> <span class='ocrx_word' id='word_1_421' title='bbox 1662 2936 1768 3006; x_wconf 81' lang='lat' dir='ltr'><strong>Siaqria</strong></span> 
     </span>
     <span class='ocr_line' id='line_1_31' title="bbox 130 3019 1768 3098; baseline 0.005 -23"><span class='ocrx_word' id='word_1_422' title='bbox 130 3028 273 3090; x_wconf 83' lang='lat' dir='ltr'><strong>pareatum</strong></span> <span class='ocrx_word' id='word_1_423' title='bbox 284 3036 407 3076; x_wconf 89' lang='lat' dir='ltr'><strong>meorum</strong></span> <span class='ocrx_word' id='word_1_424' title='bbox 420 3020 497 3079; x_wconf 85' lang='lat' dir='ltr'><strong>nobis</strong></span> <span class='ocrx_word' id='word_1_425' title='bbox 512 3019 623 3078; x_wconf 83' lang='lat' dir='ltr'><strong>obvenit</strong></span> <span class='ocrx_word' id='word_1_426' title='bbox 638 3027 666 3075; x_wconf 90' lang='lat' dir='ltr'><strong>et</strong></span> <span class='ocrx_word' id='word_1_427' title='bbox 679 3019 752 3089; x_wconf 88' lang='lat' dir='ltr'><strong>quod</strong></span> <span class='ocrx_word' id='word_1_428' title='bbox 768 3019 803 3080; x_wconf 83' lang='lat' dir='ltr'><strong>de</strong></span> <span class='ocrx_word' id='word_1_429' title='bbox 820 3019 923 3090; x_wconf 73' lang='lat' dir='ltr'><strong>Sinsria</strong></span> <span class='ocrx_word' id='word_1_430' title='bbox 935 3032 962 3097; x_wconf 76' lang='lat' dir='ltr'><strong>c</strong></span> <span class='ocrx_word' id='word_1_431' title='bbox 976 3024 1197 3094; x_wconf 76' lang='lat' dir='ltr'><strong>conquisivimus,</strong></span> <span class='ocrx_word' id='word_1_432' title='bbox 1208 3041 1261 3084; x_wconf 89' lang='lat' dir='ltr'><strong>uua</strong></span> <span class='ocrx_word' id='word_1_433' title='bbox 1274 3041 1334 3083; x_wconf 90' lang='lat' dir='ltr'><strong>cum</strong></span> <span class='ocrx_word' id='word_1_434' title='bbox 1354 3027 1438 3096; x_wconf 83' lang='lat' dir='ltr'><strong>alpes,</strong></span> <span class='ocrx_word' id='word_1_435' title='bbox 1453 3035 1575 3098; x_wconf 85' lang='lat' dir='ltr'><strong>atquem</strong></span> <span class='ocrx_word' id='word_1_436' title='bbox 1601 3027 1635 3084; x_wconf 89' lang='lat' dir='ltr'><strong>de</strong></span> <span class='ocrx_word' id='word_1_437' title='bbox 1657 3028 1768 3085; x_wconf 82' lang='lat' dir='ltr'><strong>bodone</strong></span> 
     </span>
     <span class='ocr_line' id='line_1_32' title="bbox 128 3110 1768 3190; baseline 0.005 -24"><span class='ocrx_word' id='word_1_438' title='bbox 128 3111 352 3181; x_wconf 85' lang='lat' dir='ltr'><strong>conquisivimus,</strong></span> <span class='ocrx_word' id='word_1_439' title='bbox 365 3118 393 3167; x_wconf 86' lang='lat' dir='ltr'><strong>el</strong></span> <span class='ocrx_word' id='word_1_440' title='bbox 407 3110 527 3174; x_wconf 89' lang='lat' dir='ltr'><strong>colonica</strong></span> <span class='ocrx_word' id='word_1_441' title='bbox 540 3111 567 3168; x_wconf 89' lang='lat' dir='ltr'><strong>iu</strong></span> <span class='ocrx_word' id='word_1_442' title='bbox 582 3110 642 3180; x_wconf 80' lang='lat' dir='ltr'><strong>ipso</strong></span> <span class='ocrx_word' id='word_1_443' title='bbox 664 3123 733 3181; x_wconf 72' lang='lat' dir='ltr'><strong>pago</strong></span> <span class='ocrx_word' id='word_1_444' title='bbox 754 3110 920 3179; x_wconf 79' lang='lat' dir='ltr'><strong>viennense,</strong></span> <span class='ocrx_word' id='word_1_445' title='bbox 974 3126 1002 3173; x_wconf 88' lang='lat' dir='ltr'><strong>et</strong></span> <span class='ocrx_word' id='word_1_446' title='bbox 1024 3116 1135 3172; x_wconf 85' lang='lat' dir='ltr'><strong>Godana</strong></span> <span class='ocrx_word' id='word_1_447' title='bbox 1161 3117 1195 3171; x_wconf 88' lang='lat' dir='ltr'><strong>nd</strong></span> <span class='ocrx_word' id='word_1_448' title='bbox 1223 3133 1274 3174; x_wconf 88' lang='lat' dir='ltr'><strong>nos</strong></span> <span class='ocrx_word' id='word_1_449' title='bbox 1300 3119 1431 3188; x_wconf 80' lang='lat' dir='ltr'><strong>pervenit,</strong></span> <span class='ocrx_word' id='word_1_450' title='bbox 1447 3133 1494 3176; x_wconf 85' lang='lat' dir='ltr'><strong>ssu</strong></span> <span class='ocrx_word' id='word_1_451' title='bbox 1520 3128 1549 3175; x_wconf 87' lang='lat' dir='ltr'><strong>et</strong></span> <span class='ocrx_word' id='word_1_452' title='bbox 1569 3119 1641 3190; x_wconf 86' lang='lat' dir='ltr'><strong>quod</strong></span> <span class='ocrx_word' id='word_1_453' title='bbox 1667 3120 1768 3177; x_wconf 86' lang='lat' dir='ltr'><strong>domno</strong></span> 
     </span>
     <span class='ocr_line' id='line_1_33' title="bbox 131 3199 1768 3281; baseline 0.007 -27"><span class='ocrx_word' id='word_1_454' title='bbox 131 3199 295 3257; x_wconf 80' lang='lat' dir='ltr'><strong>baccoriaco</strong></span> <span class='ocrx_word' id='word_1_455' title='bbox 308 3215 390 3273; x_wconf 90' lang='lat' dir='ltr'><strong>super</strong></span> <span class='ocrx_word' id='word_1_456' title='bbox 402 3199 513 3258; x_wconf 85' lang='lat' dir='ltr'><strong>durium</strong></span> <span class='ocrx_word' id='word_1_457' title='bbox 525 3200 674 3266; x_wconf 78' lang='lat' dir='ltr'><strong>Canusium,</strong></span> <span class='ocrx_word' id='word_1_458' title='bbox 683 3200 728 3256; x_wconf 85' lang='lat' dir='ltr'><strong>ubi</strong></span> <span class='ocrx_word' id='word_1_459' title='bbox 743 3200 819 3259; x_wconf 83' lang='lat' dir='ltr'><strong>labor</strong></span> <span class='ocrx_word' id='word_1_460' title='bbox 829 3209 923 3261; x_wconf 66' lang='lat' dir='ltr'><strong>nostes·</strong></span> <span class='ocrx_word' id='word_1_461' title='bbox 975 3208 1147 3268; x_wconf 80' lang='lat' dir='ltr'><strong>waldeberto</strong></span> <span class='ocrx_word' id='word_1_462' title='bbox 1158 3208 1286 3280; x_wconf 84' lang='lat' dir='ltr'><strong>episcopo</strong></span> <span class='ocrx_word' id='word_1_463' title='bbox 1297 3216 1326 3264; x_wconf 86' lang='lat' dir='ltr'><strong>et</strong></span> <span class='ocrx_word' id='word_1_464' title='bbox 1339 3209 1373 3265; x_wconf 90' lang='lat' dir='ltr'><strong>de</strong></span> <span class='ocrx_word' id='word_1_465' title='bbox 1383 3208 1535 3280; x_wconf 70' lang='lat' dir='ltr'><strong>siguberga</strong></span> <span class='ocrx_word' id='word_1_466' title='bbox 1547 3209 1646 3268; x_wconf 85' lang='lat' dir='ltr'><strong>ibidem</strong></span> <span class='ocrx_word' id='word_1_467' title='bbox 1654 3208 1768 3281; x_wconf 82' lang='lat' dir='ltr'><strong>conquri-</strong></span> 
     </span>
     <span class='ocr_line' id='line_1_34' title="bbox 130 3287 1766 3370; baseline 0.006 -25"><span class='ocrx_word' id='word_1_468' title='bbox 130 3287 294 3360; x_wconf 82' lang='lat' dir='ltr'><strong>llajmianus</strong></span> <span class='ocrx_word' id='word_1_469' title='bbox 304 3289 412 3358; x_wconf 83' lang='lat' dir='ltr'><strong>mansit,</strong></span> <span class='ocrx_word' id='word_1_470' title='bbox 424 3297 452 3346; x_wconf 89' lang='lat' dir='ltr'><strong>et</strong></span> <span class='ocrx_word' id='word_1_471' title='bbox 466 3289 537 3348; x_wconf 90' lang='lat' dir='ltr'><strong>lilius</strong></span> <span class='ocrx_word' id='word_1_472' title='bbox 549 3290 608 3364; x_wconf 74' lang='lat' dir='ltr'><strong>ejus</strong></span> <span class='ocrx_word' id='word_1_473' title='bbox 621 3288 784 3350; x_wconf 84' lang='lat' dir='ltr'><strong>bamnullua</strong></span> <span class='ocrx_word' id='word_1_474' title='bbox 800 3290 837 3350; x_wconf 88' lang='lat' dir='ltr'><strong>de</strong></span> <span class='ocrx_word' id='word_1_475' title='bbox 861 3292 920 3353; x_wconf 80' lang='lat' dir='ltr'><strong>bla-</strong></span> <span class='ocrx_word' id='word_1_476' title='bbox 974 3299 1101 3364; x_wconf 89' lang='lat' dir='ltr'><strong>sivimus;</strong></span> <span class='ocrx_word' id='word_1_477' title='bbox 1123 3306 1151 3353; x_wconf 93' lang='lat' dir='ltr'><strong>et</strong></span> <span class='ocrx_word' id='word_1_478' title='bbox 1178 3298 1303 3355; x_wconf 85' lang='lat' dir='ltr'><strong>colonica</strong></span> <span class='ocrx_word' id='word_1_479' title='bbox 1331 3298 1488 3355; x_wconf 88' lang='lat' dir='ltr'><strong>ubidicitur</strong></span> <span class='ocrx_word' id='word_1_480' title='bbox 1501 3298 1670 3364; x_wconf 81' lang='lat' dir='ltr'><strong>Albarinsco,</strong></span> <span class='ocrx_word' id='word_1_481' title='bbox 1684 3314 1766 3370; x_wconf 88' lang='lat' dir='ltr'><strong>quern</strong></span> 
     </span>
     <span class='ocr_line' id='line_1_35' title="bbox 131 3380 1768 3461; baseline 0.007 -25"><span class='ocrx_word' id='word_1_482' title='bbox 131 3380 219 3448; x_wconf 87' lang='lat' dir='ltr'><strong>ciacc,</strong></span> <span class='ocrx_word' id='word_1_483' title='bbox 233 3396 314 3452; x_wconf 89' lang='lat' dir='ltr'><strong>quem</strong></span> <span class='ocrx_word' id='word_1_484' title='bbox 326 3381 450 3440; x_wconf 88' lang='lat' dir='ltr'><strong>incontra</strong></span> <span class='ocrx_word' id='word_1_485' title='bbox 464 3381 577 3439; x_wconf 79' lang='lat' dir='ltr'><strong>Ardullo</strong></span> <span class='ocrx_word' id='word_1_486' title='bbox 590 3397 640 3454; x_wconf 87' lang='lat' dir='ltr'><strong>per</strong></span> <span class='ocrx_word' id='word_1_487' title='bbox 659 3380 763 3452; x_wconf 77' lang='lat' dir='ltr'><strong>iudicio</strong></span> <span class='ocrx_word' id='word_1_488' title='bbox 787 3384 923 3452; x_wconf 76' lang='lat' dir='ltr'><strong>squarlco</strong></span> <span class='ocrx_word' id='word_1_489' title='bbox 974 3387 1126 3445; x_wconf 85' lang='lat' dir='ltr'><strong>Marcianus</strong></span> <span class='ocrx_word' id='word_1_490' title='bbox 1140 3402 1235 3449; x_wconf 78' lang='lat' dir='ltr'><strong>servos</strong></span> <span class='ocrx_word' id='word_1_491' title='bbox 1260 3396 1354 3447; x_wconf 86' lang='lat' dir='ltr'><strong>noster</strong></span> <span class='ocrx_word' id='word_1_492' title='bbox 1373 3389 1470 3457; x_wconf 84' lang='lat' dir='ltr'><strong>babet,</strong></span> <span class='ocrx_word' id='word_1_493' title='bbox 1490 3405 1571 3461; x_wconf 88' lang='lat' dir='ltr'><strong>quern</strong></span> <span class='ocrx_word' id='word_1_494' title='bbox 1597 3389 1632 3447; x_wconf 89' lang='lat' dir='ltr'><strong>de</strong></span> <span class='ocrx_word' id='word_1_495' title='bbox 1655 3391 1768 3448; x_wconf 84' lang='lat' dir='ltr'><strong>Dodona</strong></span> 
     </span>
     <span class='ocr_line' id='line_1_36' title="bbox 133 3470 1767 3554; baseline 0.008 -29"><span class='ocrx_word' id='word_1_496' title='bbox 133 3470 251 3528; x_wconf 84' lang='lat' dir='ltr'><strong>Patricio</strong></span> <span class='ocrx_word' id='word_1_497' title='bbox 263 3471 481 3530; x_wconf 86' lang='lat' dir='ltr'><strong>evindicavimus.</strong></span> <span class='ocrx_word' id='word_1_498' title='bbox 974 3487 1085 3549; x_wconf 85' lang='lat' dir='ltr'><strong>parente</strong></span> <span class='ocrx_word' id='word_1_499' title='bbox 1098 3493 1160 3534; x_wconf 90' lang='lat' dir='ltr'><strong>meo</strong></span> <span class='ocrx_word' id='word_1_500' title='bbox 1173 3479 1200 3533; x_wconf 90' lang='lat' dir='ltr'><strong>iu</strong></span> <span class='ocrx_word' id='word_1_501' title='bbox 1216 3479 1274 3549; x_wconf 86' lang='lat' dir='ltr'><strong>ipso</strong></span> <span class='ocrx_word' id='word_1_502' title='bbox 1288 3492 1358 3549; x_wconf 71' lang='lat' dir='ltr'><strong>pago</strong></span> <span class='ocrx_word' id='word_1_503' title='bbox 1372 3478 1567 3538; x_wconf 84' lang='lat' dir='ltr'><strong>Ebredunense</strong></span> <span class='ocrx_word' id='word_1_504' title='bbox 1579 3481 1614 3536; x_wconf 87' lang='lat' dir='ltr'><strong>ad</strong></span> <span class='ocrx_word' id='word_1_505' title='bbox 1638 3495 1682 3538; x_wconf 88' lang='lat' dir='ltr'><strong>rue</strong></span> <span class='ocrx_word' id='word_1_506' title='bbox 1703 3496 1767 3554; x_wconf 89' lang='lat' dir='ltr'><strong>per·</strong></span> 
     </span>
     <span class='ocr_line' id='line_1_37' title="bbox 168 3564 1767 3639; baseline 0.003 -17"><span class='ocrx_word' id='word_1_507' title='bbox 168 3564 298 3622; x_wconf 86' lang='lat' dir='ltr'><strong>Similiter</strong></span> <span class='ocrx_word' id='word_1_508' title='bbox 309 3573 338 3621; x_wconf 94' lang='lat' dir='ltr'><strong>et</strong></span> <span class='ocrx_word' id='word_1_509' title='bbox 347 3565 374 3620; x_wconf 92' lang='lat' dir='ltr'><strong>in</strong></span> <span class='ocrx_word' id='word_1_510' title='bbox 387 3579 457 3636; x_wconf 75' lang='lat' dir='ltr'><strong>pago</strong></span> <span class='ocrx_word' id='word_1_511' title='bbox 472 3564 606 3632; x_wconf 77' lang='lat' dir='ltr'><strong>vianense</strong></span> <span class='ocrx_word' id='word_1_512' title='bbox 617 3573 645 3621; x_wconf 92' lang='lat' dir='ltr'><strong>et</strong></span> <span class='ocrx_word' id='word_1_513' title='bbox 658 3565 922 3636; x_wconf 59' lang='lat' dir='ltr'><strong>landunensellu»</strong></span> <span class='ocrx_word' id='word_1_514' title='bbox 972 3569 1059 3635; x_wconf 89' lang='lat' dir='ltr'><strong>venit;</strong></span> <span class='ocrx_word' id='word_1_515' title='bbox 1079 3583 1130 3626; x_wconf 88' lang='lat' dir='ltr'><strong>uec</strong></span> <span class='ocrx_word' id='word_1_516' title='bbox 1144 3583 1199 3625; x_wconf 89' lang='lat' dir='ltr'><strong>nou</strong></span> <span class='ocrx_word' id='word_1_517' title='bbox 1211 3575 1239 3623; x_wconf 92' lang='lat' dir='ltr'><strong>et</strong></span> <span class='ocrx_word' id='word_1_518' title='bbox 1250 3568 1388 3626; x_wconf 90' lang='lat' dir='ltr'><strong>colonicas</strong></span> <span class='ocrx_word' id='word_1_519' title='bbox 1401 3577 1505 3627; x_wconf 88' lang='lat' dir='ltr'><strong>nostras</strong></span> <span class='ocrx_word' id='word_1_520' title='bbox 1519 3569 1625 3639; x_wconf 74' lang='lat' dir='ltr'><strong>inpage</strong></span> <span class='ocrx_word' id='word_1_521' title='bbox 1640 3571 1767 3638; x_wconf 69' lang='lat' dir='ltr'><strong>bisaura·</strong></span> 
     </span>
     <span class='ocr_line' id='line_1_38' title="bbox 132 3655 1765 3729; baseline 0.001 -17"><span class='ocrx_word' id='word_1_522' title='bbox 132 3670 214 3724; x_wconf 86' lang='lat' dir='ltr'><strong>uaco,</strong></span> <span class='ocrx_word' id='word_1_523' title='bbox 225 3655 376 3721; x_wconf 88' lang='lat' dir='ltr'><strong>basciasco,</strong></span> <span class='ocrx_word' id='word_1_524' title='bbox 388 3655 570 3724; x_wconf 75' lang='lat' dir='ltr'><strong>Amblariaco,</strong></span> <span class='ocrx_word' id='word_1_525' title='bbox 585 3656 721 3728; x_wconf 78' lang='lat' dir='ltr'><strong>blaciaco,</strong></span> <span class='ocrx_word' id='word_1_526' title='bbox 731 3658 855 3723; x_wconf 88' lang='lat' dir='ltr'><strong>colonica</strong></span> <span class='ocrx_word' id='word_1_527' title='bbox 870 3658 921 3717; x_wconf 85' lang='lat' dir='ltr'><strong>Se-</strong></span> <span class='ocrx_word' id='word_1_528' title='bbox 971 3673 1065 3729; x_wconf 73' lang='lat' dir='ltr'><strong>sense,</strong></span> <span class='ocrx_word' id='word_1_529' title='bbox 1076 3673 1158 3728; x_wconf 89' lang='lat' dir='ltr'><strong>quem</strong></span> <span class='ocrx_word' id='word_1_530' title='bbox 1179 3658 1295 3714; x_wconf 86' lang='lat' dir='ltr'><strong>baronta</strong></span> <span class='ocrx_word' id='word_1_531' title='bbox 1310 3658 1421 3713; x_wconf 88' lang='lat' dir='ltr'><strong>libertus</strong></span> <span class='ocrx_word' id='word_1_532' title='bbox 1437 3674 1461 3711; x_wconf 84' lang='lat' dir='ltr'><strong>ru</strong></span> <span class='ocrx_word' id='word_1_533' title='bbox 1472 3666 1528 3712; x_wconf 86' lang='lat' dir='ltr'><strong>ster</strong></span> <span class='ocrx_word' id='word_1_534' title='bbox 1552 3658 1578 3711; x_wconf 91' lang='lat' dir='ltr'><strong>iu</strong></span> <span class='ocrx_word' id='word_1_535' title='bbox 1603 3657 1765 3716; x_wconf 78' lang='lat' dir='ltr'><strong>beneficium</strong></span> 
     </span>
     <span class='ocr_line' id='line_1_39' title="bbox 131 3746 1765 3819; baseline 0 -17"><span class='ocrx_word' id='word_1_536' title='bbox 131 3747 232 3805; x_wconf 88' lang='lat' dir='ltr'><strong>vario:</strong></span> <span class='ocrx_word' id='word_1_537' title='bbox 248 3747 299 3802; x_wconf 87' lang='lat' dir='ltr'><strong>ista</strong></span> <span class='ocrx_word' id='word_1_538' title='bbox 313 3746 604 3819; x_wconf 83' lang='lat' dir='ltr'><strong>omniasuprascriptn,</strong></span> <span class='ocrx_word' id='word_1_539' title='bbox 620 3763 673 3806; x_wconf 87' lang='lat' dir='ltr'><strong>una</strong></span> <span class='ocrx_word' id='word_1_540' title='bbox 688 3763 750 3806; x_wconf 86' lang='lat' dir='ltr'><strong>cum</strong></span> <span class='ocrx_word' id='word_1_541' title='bbox 765 3748 855 3812; x_wconf 81' lang='lat' dir='ltr'><strong>torris.</strong></span> <span class='ocrx_word' id='word_1_542' title='bbox 870 3746 920 3804; x_wconf 91' lang='lat' dir='ltr'><strong>do·</strong></span> <span class='ocrx_word' id='word_1_543' title='bbox 972 3749 1070 3814; x_wconf 86' lang='lat' dir='ltr'><strong>lnbet;</strong></span> <span class='ocrx_word' id='word_1_544' title='bbox 1085 3756 1112 3803; x_wconf 89' lang='lat' dir='ltr'><strong>at</strong></span> <span class='ocrx_word' id='word_1_545' title='bbox 1126 3747 1224 3807; x_wconf 83' lang='lat' dir='ltr'><strong>liberto</strong></span> <span class='ocrx_word' id='word_1_546' title='bbox 1237 3761 1299 3802; x_wconf 86' lang='lat' dir='ltr'><strong>meo</strong></span> <span class='ocrx_word' id='word_1_547' title='bbox 1326 3746 1413 3817; x_wconf 87' lang='lat' dir='ltr'><strong>ipsura</strong></span> <span class='ocrx_word' id='word_1_548' title='bbox 1437 3747 1588 3803; x_wconf 84' lang='lat' dir='ltr'><strong>barontane</strong></span> <span class='ocrx_word' id='word_1_549' title='bbox 1614 3761 1667 3804; x_wconf 89' lang='lat' dir='ltr'><strong>una</strong></span> <span class='ocrx_word' id='word_1_550' title='bbox 1692 3750 1765 3819; x_wconf 87' lang='lat' dir='ltr'><strong>apud</strong></span> 
     </span>
     <span class='ocr_line' id='line_1_40' title="bbox 132 3834 1764 3910; baseline 0.001 -17"><span class='ocrx_word' id='word_1_551' title='bbox 132 3837 337 3908; x_wconf 85' lang='lat' dir='ltr'><strong>mibus‚vineis,</strong></span> <span class='ocrx_word' id='word_1_552' title='bbox 356 3838 469 3909; x_wconf 86' lang='lat' dir='ltr'><strong>campis,</strong></span> <span class='ocrx_word' id='word_1_553' title='bbox 491 3838 582 3910; x_wconf 85' lang='lat' dir='ltr'><strong>pratis,</strong></span> <span class='ocrx_word' id='word_1_554' title='bbox 597 3837 641 3893; x_wconf 89' lang='lat' dir='ltr'><strong>vel</strong></span> <span class='ocrx_word' id='word_1_555' title='bbox 669 3852 730 3894; x_wconf 86' lang='lat' dir='ltr'><strong>curn</strong></span> <span class='ocrx_word' id='word_1_556' title='bbox 755 3852 838 3895; x_wconf 85' lang='lat' dir='ltr'><strong>omne</strong></span> <span class='ocrx_word' id='word_1_557' title='bbox 861 3837 922 3906; x_wconf 85' lang='lat' dir='ltr'><strong>inre</strong></span> <span class='ocrx_word' id='word_1_558' title='bbox 973 3837 1046 3894; x_wconf 88' lang='lat' dir='ltr'><strong>Solia</strong></span> <span class='ocrx_word' id='word_1_559' title='bbox 1068 3851 1149 3906; x_wconf 84' lang='lat' dir='ltr'><strong>quent</strong></span> <span class='ocrx_word' id='word_1_560' title='bbox 1171 3835 1197 3890; x_wconf 89' lang='lat' dir='ltr'><strong>ci</strong></span> <span class='ocrx_word' id='word_1_561' title='bbox 1212 3834 1345 3902; x_wconf 85' lang='lat' dir='ltr'><strong>dedimus,</strong></span> <span class='ocrx_word' id='word_1_562' title='bbox 1360 3843 1389 3891; x_wconf 87' lang='lat' dir='ltr'><strong>ut</strong></span> <span class='ocrx_word' id='word_1_563' title='bbox 1400 3836 1434 3891; x_wconf 89' lang='lat' dir='ltr'><strong>ad</strong></span> <span class='ocrx_word' id='word_1_564' title='bbox 1448 3843 1487 3901; x_wconf 89' lang='lat' dir='ltr'><strong>te,</strong></span> <span class='ocrx_word' id='word_1_565' title='bbox 1500 3836 1579 3893; x_wconf 80' lang='lat' dir='ltr'><strong>lueres</strong></span> <span class='ocrx_word' id='word_1_566' title='bbox 1591 3839 1723 3908; x_wconf 61' lang='lat' dir='ltr'><strong>moeursit</strong></span> <span class='ocrx_word' id='word_1_567' title='bbox 1733 3854 1764 3895; x_wconf 85' lang='lat' dir='ltr'><strong>se</strong></span> 
     </span>
     <span class='ocr_line' id='line_1_41' title="bbox 130 3924 1762 4001; baseline -0.002 -11"><span class='ocrx_word' id='word_1_568' title='bbox 130 3949 236 4001; x_wconf 88' lang='lat' dir='ltr'><strong>earum,</strong></span> <span class='ocrx_word' id='word_1_569' title='bbox 250 3948 283 3990; x_wconf 90' lang='lat' dir='ltr'><strong>ac</strong></span> <span class='ocrx_word' id='word_1_570' title='bbox 299 3932 414 3995; x_wconf 88' lang='lat' dir='ltr'><strong>colonis,</strong></span> <span class='ocrx_word' id='word_1_571' title='bbox 430 3933 516 3989; x_wconf 88' lang='lat' dir='ltr'><strong>servis</strong></span> <span class='ocrx_word' id='word_1_572' title='bbox 541 3940 570 3986; x_wconf 91' lang='lat' dir='ltr'><strong>ct</strong></span> <span class='ocrx_word' id='word_1_573' title='bbox 592 3931 697 3988; x_wconf 83' lang='lat' dir='ltr'><strong>libertis</strong></span> <span class='ocrx_word' id='word_1_574' title='bbox 722 3929 758 3985; x_wconf 89' lang='lat' dir='ltr'><strong>nd</strong></span> <span class='ocrx_word' id='word_1_575' title='bbox 780 3931 839 4001; x_wconf 83' lang='lat' dir='ltr'><strong>ipsa</strong></span> <span class='ocrx_word' id='word_1_576' title='bbox 860 3930 919 3986; x_wconf 88' lang='lat' dir='ltr'><strong>loca</strong></span> <span class='ocrx_word' id='word_1_577' title='bbox 972 3926 1088 3988; x_wconf 74' lang='lat' dir='ltr'><strong>Burorua</strong></span> <span class='ocrx_word' id='word_1_578' title='bbox 1100 3925 1223 3996; x_wconf 89' lang='lat' dir='ltr'><strong>aspicere</strong></span> <span class='ocrx_word' id='word_1_579' title='bbox 1232 3925 1330 3983; x_wconf 89' lang='lat' dir='ltr'><strong>debeat</strong></span> <span class='ocrx_word' id='word_1_580' title='bbox 1340 3925 1402 3981; x_wconf 90' lang='lat' dir='ltr'><strong>volo</strong></span> <span class='ocrx_word' id='word_1_581' title='bbox 1412 3940 1443 3982; x_wconf 90' lang='lat' dir='ltr'><strong>ae</strong></span> <span class='ocrx_word' id='word_1_582' title='bbox 1452 3924 1545 3995; x_wconf 83' lang='lat' dir='ltr'><strong>jubeo.</strong></span> <span class='ocrx_word' id='word_1_583' title='bbox 1557 3925 1623 3984; x_wconf 86' lang='lat' dir='ltr'><strong>itero</strong></span> <span class='ocrx_word' id='word_1_584' title='bbox 1636 3928 1662 3986; x_wconf 93' lang='lat' dir='ltr'><strong>in</strong></span> <span class='ocrx_word' id='word_1_585' title='bbox 1674 3928 1762 4000; x_wconf 88' lang='lat' dir='ltr'><strong>ipsrrtn</strong></span> 
     </span>
     <span class='ocr_line' id='line_1_42' title="bbox 130 4015 1764 4096; baseline -0.002 -18"><span class='ocrx_word' id='word_1_586' title='bbox 130 4025 302 4096; x_wconf 83' lang='lat' dir='ltr'><strong>aspicientes,</strong></span> <span class='ocrx_word' id='word_1_587' title='bbox 315 4033 355 4091; x_wconf 86' lang='lat' dir='ltr'><strong>tu,</strong></span> <span class='ocrx_word' id='word_1_588' title='bbox 371 4023 451 4082; x_wconf 88' lang='lat' dir='ltr'><strong>heres</strong></span> <span class='ocrx_word' id='word_1_589' title='bbox 472 4036 542 4090; x_wconf 88' lang='lat' dir='ltr'><strong>mea,</strong></span> <span class='ocrx_word' id='word_1_590' title='bbox 555 4029 585 4077; x_wconf 93' lang='lat' dir='ltr'><strong>ut</strong></span> <span class='ocrx_word' id='word_1_591' title='bbox 607 4021 708 4080; x_wconf 85' lang='lat' dir='ltr'><strong>babeas</strong></span> <span class='ocrx_word' id='word_1_592' title='bbox 732 4020 816 4094; x_wconf 74' lang='lat' dir='ltr'><strong>[vulo]</strong></span> <span class='ocrx_word' id='word_1_593' title='bbox 838 4027 921 4089; x_wconf 84' lang='lat' dir='ltr'><strong>atqua</strong></span> <span class='ocrx_word' id='word_1_594' title='bbox 971 4031 1042 4089; x_wconf 73' lang='lat' dir='ltr'><strong>pago</strong></span> <span class='ocrx_word' id='word_1_595' title='bbox 1055 4015 1260 4085; x_wconf 86' lang='lat' dir='ltr'><strong>Ebredunensc,</strong></span> <span class='ocrx_word' id='word_1_596' title='bbox 1276 4016 1412 4074; x_wconf 86' lang='lat' dir='ltr'><strong>colonicas</strong></span> <span class='ocrx_word' id='word_1_597' title='bbox 1426 4017 1453 4072; x_wconf 93' lang='lat' dir='ltr'><strong>iu</strong></span> <span class='ocrx_word' id='word_1_598' title='bbox 1468 4016 1591 4087; x_wconf 86' lang='lat' dir='ltr'><strong>Boresio,</strong></span> <span class='ocrx_word' id='word_1_599' title='bbox 1601 4033 1682 4089; x_wconf 89' lang='lat' dir='ltr'><strong>quern</strong></span> <span class='ocrx_word' id='word_1_600' title='bbox 1695 4019 1764 4076; x_wconf 87' lang='lat' dir='ltr'><strong>Sau-</strong></span> 
     </span>
     <span class='ocr_line' id='line_1_43' title="bbox 130 4107 1763 4186; baseline 0.004 -25"><span class='ocrx_word' id='word_1_601' title='bbox 130 4114 260 4186; x_wconf 67' lang='lat' dir='ltr'><strong>ppncipto.</strong></span> <span class='ocrx_word' id='word_1_602' title='bbox 971 4123 1016 4163; x_wconf 91' lang='lat' dir='ltr'><strong>ma</strong></span> <span class='ocrx_word' id='word_1_603' title='bbox 1026 4109 1054 4164; x_wconf 90' lang='lat' dir='ltr'><strong>in</strong></span> <span class='ocrx_word' id='word_1_604' title='bbox 1068 4107 1196 4166; x_wconf 89' lang='lat' dir='ltr'><strong>bonebtio</strong></span> <span class='ocrx_word' id='word_1_605' title='bbox 1209 4108 1300 4175; x_wconf 84' lang='lat' dir='ltr'><strong>habet,</strong></span> <span class='ocrx_word' id='word_1_606' title='bbox 1316 4107 1407 4173; x_wconf 84' lang='lat' dir='ltr'><strong>Rodia,</strong></span> <span class='ocrx_word' id='word_1_607' title='bbox 1422 4108 1467 4164; x_wconf 90' lang='lat' dir='ltr'><strong>ubi</strong></span> <span class='ocrx_word' id='word_1_608' title='bbox 1481 4108 1646 4168; x_wconf 90' lang='lat' dir='ltr'><strong>rerbicarius</strong></span> <span class='ocrx_word' id='word_1_609' title='bbox 1669 4119 1763 4169; x_wconf 88' lang='lat' dir='ltr'><strong>noster</strong></span> 
     </span>
     <span class='ocr_line' id='line_1_44' title="bbox 166 4200 1761 4277; baseline 0 -17"><span class='ocrx_word' id='word_1_610' title='bbox 166 4204 233 4261; x_wconf 87' lang='lat' dir='ltr'><strong>ltem</strong></span> <span class='ocrx_word' id='word_1_611' title='bbox 261 4204 287 4260; x_wconf 90' lang='lat' dir='ltr'><strong>in</strong></span> <span class='ocrx_word' id='word_1_612' title='bbox 315 4219 383 4277; x_wconf 73' lang='lat' dir='ltr'><strong>pago</strong></span> <span class='ocrx_word' id='word_1_613' title='bbox 407 4201 718 4269; x_wconf 55' lang='lat' dir='ltr'><strong>tlnnscensessamnco</strong></span> <span class='ocrx_word' id='word_1_614' title='bbox 742 4202 919 4265; x_wconf 79' lang='lat' dir='ltr'><strong>nauasciacn.</strong></span> <span class='ocrx_word' id='word_1_615' title='bbox 971 4202 1081 4260; x_wconf 90' lang='lat' dir='ltr'><strong>nomine</strong></span> <span class='ocrx_word' id='word_1_616' title='bbox 1095 4201 1258 4258; x_wconf 82' lang='lat' dir='ltr'><strong>Laurentius</strong></span> <span class='ocrx_word' id='word_1_617' title='bbox 1282 4210 1390 4268; x_wconf 72' lang='lat' dir='ltr'><strong>uranct3</strong></span> <span class='ocrx_word' id='word_1_618' title='bbox 1417 4200 1553 4260; x_wconf 68' lang='lat' dir='ltr'><strong>coPonicas</strong></span> <span class='ocrx_word' id='word_1_619' title='bbox 1575 4203 1603 4259; x_wconf 91' lang='lat' dir='ltr'><strong>in</strong></span> <span class='ocrx_word' id='word_1_620' title='bbox 1626 4202 1761 4269; x_wconf 86' lang='lat' dir='ltr'><strong>velentio,</strong></span> 
     </span>
     <span class='ocr_line' id='line_1_45' title="bbox 129 4291 1763 4364; baseline 0.001 -15"><span class='ocrx_word' id='word_1_621' title='bbox 129 4309 212 4364; x_wconf 88' lang='lat' dir='ltr'><strong>quem</strong></span> <span class='ocrx_word' id='word_1_622' title='bbox 227 4293 261 4352; x_wconf 89' lang='lat' dir='ltr'><strong>de</strong></span> <span class='ocrx_word' id='word_1_623' title='bbox 276 4294 380 4364; x_wconf 77' lang='lat' dir='ltr'><strong>siagria</strong></span> <span class='ocrx_word' id='word_1_624' title='bbox 393 4294 626 4363; x_wconf 84' lang='lat' dir='ltr'><strong>conquesivimus,</strong></span> <span class='ocrx_word' id='word_1_625' title='bbox 641 4306 693 4348; x_wconf 91' lang='lat' dir='ltr'><strong>una</strong></span> <span class='ocrx_word' id='word_1_626' title='bbox 708 4308 768 4353; x_wconf 89' lang='lat' dir='ltr'><strong>cum</strong></span> <span class='ocrx_word' id='word_1_627' title='bbox 782 4292 918 4362; x_wconf 70' lang='lat' dir='ltr'><strong>incendis,</strong></span> <span class='ocrx_word' id='word_1_628' title='bbox 972 4306 1052 4362; x_wconf 90' lang='lat' dir='ltr'><strong>quern</strong></span> <span class='ocrx_word' id='word_1_629' title='bbox 1064 4306 1112 4362; x_wconf 85' lang='lat' dir='ltr'><strong>per</strong></span> <span class='ocrx_word' id='word_1_630' title='bbox 1126 4292 1334 4362; x_wconf 82' lang='lat' dir='ltr'><strong>praeceptionem</strong></span> <span class='ocrx_word' id='word_1_631' title='bbox 1346 4291 1481 4348; x_wconf 88' lang='lat' dir='ltr'><strong>dominica</strong></span> <span class='ocrx_word' id='word_1_632' title='bbox 1494 4291 1527 4350; x_wconf 91' lang='lat' dir='ltr'><strong>da</strong></span> <span class='ocrx_word' id='word_1_633' title='bbox 1540 4294 1646 4352; x_wconf 71' lang='lat' dir='ltr'><strong>ratlone</strong></span> <span class='ocrx_word' id='word_1_634' title='bbox 1657 4294 1763 4352; x_wconf 86' lang='lat' dir='ltr'><strong>bicullu</strong></span> 
     </span>
     <span class='ocr_line' id='line_1_46' title="bbox 130 4382 1761 4454; baseline -0.001 -11"><span class='ocrx_word' id='word_1_635' title='bbox 130 4386 234 4443; x_wconf 88' lang='lat' dir='ltr'><strong>libertis</strong></span> <span class='ocrx_word' id='word_1_636' title='bbox 248 4386 394 4443; x_wconf 87' lang='lat' dir='ltr'><strong>accolanis</strong></span> <span class='ocrx_word' id='word_1_637' title='bbox 404 4394 432 4442; x_wconf 88' lang='lat' dir='ltr'><strong>et</strong></span> <span class='ocrx_word' id='word_1_638' title='bbox 443 4384 588 4452; x_wconf 75' lang='lat' dir='ltr'><strong>servisve!</strong></span> <span class='ocrx_word' id='word_1_639' title='bbox 602 4399 696 4441; x_wconf 84' lang='lat' dir='ltr'><strong>ornnes</strong></span> <span class='ocrx_word' id='word_1_640' title='bbox 708 4384 867 4454; x_wconf 82' lang='lat' dir='ltr'><strong>adjacentiis</strong></span> <span class='ocrx_word' id='word_1_641' title='bbox 881 4383 915 4439; x_wconf 92' lang='lat' dir='ltr'><strong>ad</strong></span> <span class='ocrx_word' id='word_1_642' title='bbox 932 4386 997 4446; x_wconf 84' lang='lat' dir='ltr'><strong>[tet</strong></span> <span class='ocrx_word' id='word_1_643' title='bbox 1010 4397 1140 4453; x_wconf 76' lang='lat' dir='ltr'><strong>germano</strong></span> <span class='ocrx_word' id='word_1_644' title='bbox 1155 4397 1205 4438; x_wconf 91' lang='lat' dir='ltr'><strong>suo</strong></span> <span class='ocrx_word' id='word_1_645' title='bbox 1221 4382 1361 4439; x_wconf 88' lang='lat' dir='ltr'><strong>bodbaldo</strong></span> <span class='ocrx_word' id='word_1_646' title='bbox 1382 4382 1415 4438; x_wconf 91' lang='lat' dir='ltr'><strong>ad</strong></span> <span class='ocrx_word' id='word_1_647' title='bbox 1431 4398 1481 4439; x_wconf 88' lang='lat' dir='ltr'><strong>nos</strong></span> <span class='ocrx_word' id='word_1_648' title='bbox 1492 4384 1616 4454; x_wconf 88' lang='lat' dir='ltr'><strong>pervenit</strong></span> <span class='ocrx_word' id='word_1_649' title='bbox 1638 4401 1645 4437; x_wconf 95' lang='lat'><strong>:</strong></span> <span class='ocrx_word' id='word_1_650' title='bbox 1669 4387 1761 4443; x_wconf 86' lang='lat' dir='ltr'><strong>omnia</strong></span> 
     </span>
     <span class='ocr_line' id='line_1_47' title="bbox 129 4471 1761 4548; baseline 0.002 -16"><span class='ocrx_word' id='word_1_651' title='bbox 129 4474 189 4548; x_wconf 87' lang='lat' dir='ltr'><strong>ipsa</strong></span> <span class='ocrx_word' id='word_1_652' title='bbox 202 4477 260 4531; x_wconf 89' lang='lat' dir='ltr'><strong>loca</strong></span> <span class='ocrx_word' id='word_1_653' title='bbox 274 4475 445 4546; x_wconf 81' lang='lat' dir='ltr'><strong>aspicientes,</strong></span> <span class='ocrx_word' id='word_1_654' title='bbox 462 4485 492 4530; x_wconf 91' lang='lat' dir='ltr'><strong>nt</strong></span> <span class='ocrx_word' id='word_1_655' title='bbox 505 4474 606 4529; x_wconf 86' lang='lat' dir='ltr'><strong>habeas</strong></span> <span class='ocrx_word' id='word_1_656' title='bbox 619 4473 682 4530; x_wconf 90' lang='lat' dir='ltr'><strong>volo</strong></span> <span class='ocrx_word' id='word_1_657' title='bbox 696 4489 728 4529; x_wconf 88' lang='lat' dir='ltr'><strong>ac</strong></span> <span class='ocrx_word' id='word_1_658' title='bbox 740 4472 834 4542; x_wconf 79' lang='lat' dir='ltr'><strong>iubeo.</strong></span> <span class='ocrx_word' id='word_1_659' title='bbox 970 4479 997 4524; x_wconf 89' lang='lat' dir='ltr'><strong>et</strong></span> <span class='ocrx_word' id='word_1_660' title='bbox 1009 4485 1043 4525; x_wconf 87' lang='lat' dir='ltr'><strong>ex</strong></span> <span class='ocrx_word' id='word_1_661' title='bbox 1055 4471 1179 4526; x_wconf 87' lang='lat' dir='ltr'><strong>omnibus</strong></span> <span class='ocrx_word' id='word_1_662' title='bbox 1192 4472 1319 4542; x_wconf 90' lang='lat' dir='ltr'><strong>quicquid</strong></span> <span class='ocrx_word' id='word_1_663' title='bbox 1333 4473 1361 4528; x_wconf 90' lang='lat' dir='ltr'><strong>iu</strong></span> <span class='ocrx_word' id='word_1_664' title='bbox 1375 4473 1462 4543; x_wconf 84' lang='lat' dir='ltr'><strong>ipsum</strong></span> <span class='ocrx_word' id='word_1_665' title='bbox 1475 4486 1544 4544; x_wconf 70' lang='lat' dir='ltr'><strong>pago</strong></span> <span class='ocrx_word' id='word_1_666' title='bbox 1555 4473 1761 4548; x_wconf 77' lang='lat' dir='ltr'><strong>Ebrednneuse,</strong></span> 
     </span>
     <span class='ocr_line' id='line_1_48' title="bbox 167 4561 1762 4634; baseline 0.003 -16"><span class='ocrx_word' id='word_1_667' title='bbox 167 4564 295 4620; x_wconf 80' lang='lat' dir='ltr'><strong>Similiter</strong></span> <span class='ocrx_word' id='word_1_668' title='bbox 315 4569 342 4617; x_wconf 87' lang='lat' dir='ltr'><strong>ct</strong></span> <span class='ocrx_word' id='word_1_669' title='bbox 368 4563 396 4617; x_wconf 90' lang='lat' dir='ltr'><strong>in</strong></span> <span class='ocrx_word' id='word_1_670' title='bbox 421 4577 490 4634; x_wconf 75' lang='lat' dir='ltr'><strong>pago</strong></span> <span class='ocrx_word' id='word_1_671' title='bbox 516 4561 666 4630; x_wconf 88' lang='lat' dir='ltr'><strong>briantino,</strong></span> <span class='ocrx_word' id='word_1_672' title='bbox 681 4569 708 4618; x_wconf 91' lang='lat' dir='ltr'><strong>et</strong></span> <span class='ocrx_word' id='word_1_673' title='bbox 722 4561 919 4632; x_wconf 76' lang='lat' dir='ltr'><strong>dquisiana,et</strong></span> <span class='ocrx_word' id='word_1_674' title='bbox 969 4576 1016 4616; x_wconf 87' lang='lat' dir='ltr'><strong>sau</strong></span> <span class='ocrx_word' id='word_1_675' title='bbox 1040 4569 1068 4616; x_wconf 86' lang='lat' dir='ltr'><strong>et</strong></span> <span class='ocrx_word' id='word_1_676' title='bbox 1092 4561 1118 4615; x_wconf 93' lang='lat' dir='ltr'><strong>in</strong></span> <span class='ocrx_word' id='word_1_677' title='bbox 1144 4561 1215 4616; x_wconf 89' lang='lat' dir='ltr'><strong>valle</strong></span> <span class='ocrx_word' id='word_1_678' title='bbox 1233 4561 1374 4620; x_wconf 86' lang='lat' dir='ltr'><strong>lloccense</strong></span> <span class='ocrx_word' id='word_1_679' title='bbox 1395 4570 1424 4619; x_wconf 91' lang='lat' dir='ltr'><strong>et</strong></span> <span class='ocrx_word' id='word_1_680' title='bbox 1444 4562 1648 4633; x_wconf 67' lang='lat' dir='ltr'><strong>nicomarciae,</strong></span> <span class='ocrx_word' id='word_1_681' title='bbox 1657 4575 1712 4624; x_wconf 86' lang='lat' dir='ltr'><strong>taur</strong></span> <span class='ocrx_word' id='word_1_682' title='bbox 1725 4566 1762 4626; x_wconf 86' lang='lat' dir='ltr'><strong>da</strong></span> 
     </span>
     <span class='ocr_line' id='line_1_49' title="bbox 130 4649 1760 4724; baseline 0 -14"><span class='ocrx_word' id='word_1_683' title='bbox 130 4655 298 4718; x_wconf 79' lang='lat' dir='ltr'><strong>bonevasca,</strong></span> <span class='ocrx_word' id='word_1_684' title='bbox 314 4655 341 4709; x_wconf 88' lang='lat' dir='ltr'><strong>ia</strong></span> <span class='ocrx_word' id='word_1_685' title='bbox 364 4653 423 4709; x_wconf 89' lang='lat' dir='ltr'><strong>loca</strong></span> <span class='ocrx_word' id='word_1_686' title='bbox 444 4662 630 4724; x_wconf 89' lang='lat' dir='ltr'><strong>nuncupantes</strong></span> <span class='ocrx_word' id='word_1_687' title='bbox 653 4653 812 4712; x_wconf 80' lang='lat' dir='ltr'><strong>bsiancione</strong></span> <span class='ocrx_word' id='word_1_688' title='bbox 837 4654 917 4722; x_wconf 87' lang='lat' dir='ltr'><strong>valle,</strong></span> <span class='ocrx_word' id='word_1_689' title='bbox 969 4658 1135 4721; x_wconf 89' lang='lat' dir='ltr'><strong>conquestu,</strong></span> <span class='ocrx_word' id='word_1_690' title='bbox 1155 4665 1236 4722; x_wconf 89' lang='lat' dir='ltr'><strong>quatu</strong></span> <span class='ocrx_word' id='word_1_691' title='bbox 1256 4649 1291 4707; x_wconf 87' lang='lat' dir='ltr'><strong>da</strong></span> <span class='ocrx_word' id='word_1_692' title='bbox 1311 4651 1391 4708; x_wconf 86' lang='lat' dir='ltr'><strong>alode</strong></span> <span class='ocrx_word' id='word_1_693' title='bbox 1413 4661 1555 4722; x_wconf 83' lang='lat' dir='ltr'><strong>pareutum</strong></span> <span class='ocrx_word' id='word_1_694' title='bbox 1584 4663 1760 4724; x_wconf 90' lang='lat' dir='ltr'><strong>nostrorum,</strong></span> 
     </span>
     <span class='ocr_line' id='line_1_50' title="bbox 131 4741 1759 4813; baseline 0.001 -11"><span class='ocrx_word' id='word_1_695' title='bbox 131 4759 255 4806; x_wconf 86' lang='lat' dir='ltr'><strong>unacum</strong></span> <span class='ocrx_word' id='word_1_696' title='bbox 269 4744 372 4801; x_wconf 89' lang='lat' dir='ltr'><strong>libertis</strong></span> <span class='ocrx_word' id='word_1_697' title='bbox 386 4744 535 4800; x_wconf 85' lang='lat' dir='ltr'><strong>accolanis</strong></span> <span class='ocrx_word' id='word_1_698' title='bbox 549 4751 577 4799; x_wconf 87' lang='lat' dir='ltr'><strong>et</strong></span> <span class='ocrx_word' id='word_1_699' title='bbox 592 4744 693 4811; x_wconf 90' lang='lat' dir='ltr'><strong>servis;</strong></span> <span class='ocrx_word' id='word_1_700' title='bbox 721 4743 839 4799; x_wconf 81' lang='lat' dir='ltr'><strong>Anuadm</strong></span> <span class='ocrx_word' id='word_1_701' title='bbox 865 4760 918 4802; x_wconf 86' lang='lat' dir='ltr'><strong>una</strong></span> <span class='ocrx_word' id='word_1_702' title='bbox 969 4742 1047 4797; x_wconf 88' lang='lat' dir='ltr'><strong>nobis</strong></span> <span class='ocrx_word' id='word_1_703' title='bbox 1060 4741 1087 4797; x_wconf 93' lang='lat' dir='ltr'><strong>in</strong></span> <span class='ocrx_word' id='word_1_704' title='bbox 1102 4741 1175 4812; x_wconf 88' lang='lat' dir='ltr'><strong>ipsus</strong></span> <span class='ocrx_word' id='word_1_705' title='bbox 1190 4756 1273 4813; x_wconf 74' lang='lat' dir='ltr'><strong>pagos</strong></span> <span class='ocrx_word' id='word_1_706' title='bbox 1295 4742 1414 4807; x_wconf 90' lang='lat' dir='ltr'><strong>obvenit,</strong></span> <span class='ocrx_word' id='word_1_707' title='bbox 1429 4743 1463 4798; x_wconf 89' lang='lat' dir='ltr'><strong>ad</strong></span> <span class='ocrx_word' id='word_1_708' title='bbox 1476 4743 1621 4813; x_wconf 73' lang='lat' dir='ltr'><strong>integrunt,</strong></span> <span class='ocrx_word' id='word_1_709' title='bbox 1632 4761 1685 4805; x_wconf 88' lang='lat' dir='ltr'><strong>uua</strong></span> <span class='ocrx_word' id='word_1_710' title='bbox 1696 4761 1759 4804; x_wconf 86' lang='lat' dir='ltr'><strong>curu</strong></span> 
     </span>
     <span class='ocr_line' id='line_1_51' title="bbox 130 4830 1760 4911; baseline 0.002 -13"><span class='ocrx_word' id='word_1_711' title='bbox 130 4856 193 4898; x_wconf 82' lang='grc' dir='ltr'>αιιιι</span> <span class='ocrx_word' id='word_1_712' title='bbox 204 4839 336 4911; x_wconf 69' lang='lat' dir='ltr'><strong>maeonis,</strong></span> <span class='ocrx_word' id='word_1_713' title='bbox 349 4838 453 4895; x_wconf 85' lang='lat' dir='ltr'><strong>libertis</strong></span> <span class='ocrx_word' id='word_1_714' title='bbox 464 4848 492 4896; x_wconf 89' lang='lat' dir='ltr'><strong>et</strong></span> <span class='ocrx_word' id='word_1_715' title='bbox 504 4838 606 4906; x_wconf 86' lang='lat' dir='ltr'><strong>servis;</strong></span> <span class='ocrx_word' id='word_1_716' title='bbox 629 4838 801 4909; x_wconf 72' lang='lat' dir='ltr'><strong>agracianis,</strong></span> <span class='ocrx_word' id='word_1_717' title='bbox 816 4837 919 4902; x_wconf 83' lang='lat' dir='ltr'><strong>Erora-</strong></span> <span class='ocrx_word' id='word_1_718' title='bbox 969 4832 1059 4901; x_wconf 66' lang='lat' dir='ltr'><strong>sities,</strong></span> <span class='ocrx_word' id='word_1_719' title='bbox 1082 4830 1143 4896; x_wconf 88' lang='lat' dir='ltr'><strong>tibi,</strong></span> <span class='ocrx_word' id='word_1_720' title='bbox 1164 4831 1347 4903; x_wconf 60' lang='lat' dir='ltr'><strong>subrbsscfilva</strong></span> <span class='ocrx_word' id='word_1_721' title='bbox 1366 4831 1446 4889; x_wconf 62' lang='lat' dir='ltr'>50¹⁰ss</span> <span class='ocrx_word' id='word_1_722' title='bbox 1464 4847 1568 4902; x_wconf 59' lang='lat' dir='ltr'><strong>mlvi·</strong></span> <span class='ocrx_word' id='word_1_723' title='bbox 1588 4845 1760 4895; x_wconf 54' lang='lat' dir='ltr'><strong>”orbiensis</strong></span> 
     </span>
     <span class='ocr_line' id='line_1_52' title="bbox 130 4921 1430 5000; baseline -0.006 -14"><span class='ocrx_word' id='word_1_724' title='bbox 130 4932 216 4996; x_wconf 87' lang='lat' dir='ltr'><strong>tiana,</strong></span> <span class='ocrx_word' id='word_1_725' title='bbox 230 4929 387 5000; x_wconf 72' lang='lat' dir='ltr'><strong>aquislevas</strong></span> <span class='ocrx_word' id='word_1_726' title='bbox 399 4943 459 4986; x_wconf 89' lang='lat' dir='ltr'><strong>cum</strong></span> <span class='ocrx_word' id='word_1_727' title='bbox 473 4928 576 4986; x_wconf 88' lang='lat' dir='ltr'><strong>libertis</strong></span> <span class='ocrx_word' id='word_1_728' title='bbox 595 4937 625 4984; x_wconf 93' lang='lat' dir='ltr'><strong>et</strong></span> <span class='ocrx_word' id='word_1_729' title='bbox 645 4928 730 4985; x_wconf 87' lang='lat' dir='ltr'><strong>servis</strong></span> <span class='ocrx_word' id='word_1_730' title='bbox 755 4928 799 4984; x_wconf 87' lang='lat' dir='ltr'><strong>vel</strong></span> <span class='ocrx_word' id='word_1_731' title='bbox 824 4943 922 4988; x_wconf 87' lang='lat' dir='ltr'><strong>outoos</strong></span> <span class='ocrx_word' id='word_1_732' title='bbox 969 4921 1096 4988; x_wconf 62' lang='lat' dir='ltr'><strong>ecclesis,</strong></span> <span class='ocrx_word' id='word_1_733' title='bbox 1108 4921 1209 4977; x_wconf 68' lang='lat' dir='ltr'><strong>babere</strong></span> <span class='ocrx_word' id='word_1_734' title='bbox 1222 4921 1283 4984; x_wconf 72' lang='lat' dir='ltr'><strong>tolo</strong></span> <span class='ocrx_word' id='word_1_735' title='bbox 1296 4937 1328 4978; x_wconf 79' lang='lat' dir='ltr'><strong>aa</strong></span> <span class='ocrx_word' id='word_1_736' title='bbox 1337 4923 1430 4991; x_wconf 80' lang='lat' dir='ltr'><strong>iubeo.</strong></span> 
     </span>
     <span class='ocr_line' id='line_1_53' title="bbox 131 5010 1757 5097; baseline 0.006 -23"><span class='ocrx_word' id='word_1_737' title='bbox 131 5018 300 5097; x_wconf 78' lang='lat' dir='ltr'><strong>adjacentias</strong></span> <span class='ocrx_word' id='word_1_738' title='bbox 311 5018 344 5074; x_wconf 89' lang='lat' dir='ltr'><strong>ad</strong></span> <span class='ocrx_word' id='word_1_739' title='bbox 355 5033 385 5074; x_wconf 91' lang='lat' dir='ltr'><strong>se</strong></span> <span class='ocrx_word' id='word_1_740' title='bbox 395 5018 573 5090; x_wconf 86' lang='lat' dir='ltr'><strong>pertinentes,</strong></span> <span class='ocrx_word' id='word_1_741' title='bbox 587 5029 625 5092; x_wconf 83' lang='lat' dir='ltr'><strong>tc,</strong></span> <span class='ocrx_word' id='word_1_742' title='bbox 639 5026 811 5078; x_wconf 74' lang='lat' dir='ltr'><strong>mumancta</strong></span> <span class='ocrx_word' id='word_1_743' title='bbox 830 5019 919 5076; x_wconf 89' lang='lat' dir='ltr'><strong>cccle-</strong></span> <span class='ocrx_word' id='word_1_744' title='bbox 1005 5010 1099 5065; x_wconf 63' lang='lat' dir='ltr'><strong>Simile</strong></span> <span class='ocrx_word' id='word_1_745' title='bbox 1113 5025 1227 5080; x_wconf 89' lang='lat' dir='ltr'><strong>namque</strong></span> <span class='ocrx_word' id='word_1_746' title='bbox 1240 5011 1321 5072; x_wconf 67' lang='lat' dir='ltr'><strong>mvd‘l</strong></span> <span class='ocrx_word' id='word_1_747' title='bbox 1332 5012 1358 5067; x_wconf 69' lang='lat'><strong>⁵¹¹</strong></span> <span class='ocrx_word' id='word_1_748' title='bbox 1374 5028 1443 5086; x_wconf 66' lang='grc' dir='ltr'><strong>ΜΟ</strong></span> <span class='ocrx_word' id='word_1_749' title='bbox 1457 5014 1757 5086; x_wconf 60' lang='lat' dir='ltr'><strong>Vv²bettceusesb⁰¹¹0</strong></span> 
     </span>
     <span class='ocr_line' id='line_1_54' title="bbox 131 5101 1758 5183; baseline 0.002 -21"><span class='ocrx_word' id='word_1_750' title='bbox 131 5107 220 5174; x_wconf 86' lang='lat' dir='ltr'><strong>sia,ut</strong></span> <span class='ocrx_word' id='word_1_751' title='bbox 231 5105 331 5164; x_wconf 85' lang='lat' dir='ltr'><strong>habeas</strong></span> <span class='ocrx_word' id='word_1_752' title='bbox 340 5108 402 5165; x_wconf 88' lang='lat' dir='ltr'><strong>volo</strong></span> <span class='ocrx_word' id='word_1_753' title='bbox 415 5117 497 5180; x_wconf 88' lang='lat' dir='ltr'><strong>atque</strong></span> <span class='ocrx_word' id='word_1_754' title='bbox 510 5109 650 5183; x_wconf 73' lang='lat' dir='ltr'><strong>praecipio;</strong></span> <span class='ocrx_word' id='word_1_755' title='bbox 666 5113 694 5164; x_wconf 88' lang='lat' dir='ltr'><strong>el</strong></span> <span class='ocrx_word' id='word_1_756' title='bbox 704 5107 841 5167; x_wconf 86' lang='lat' dir='ltr'><strong>colonicas</strong></span> <span class='ocrx_word' id='word_1_757' title='bbox 851 5107 920 5167; x_wconf 85' lang='lat' dir='ltr'><strong>iulrn</strong></span> <span class='ocrx_word' id='word_1_758' title='bbox 970 5118 1030 5161; x_wconf 83' lang='lat' dir='ltr'><strong>ntea</strong></span> <span class='ocrx_word' id='word_1_759' title='bbox 1053 5101 1183 5171; x_wconf 82' lang='lat' dir='ltr'><strong>Talanvo,</strong></span> <span class='ocrx_word' id='word_1_760' title='bbox 1206 5120 1258 5161; x_wconf 88' lang='lat' dir='ltr'><strong>uua</strong></span> <span class='ocrx_word' id='word_1_761' title='bbox 1280 5120 1341 5161; x_wconf 87' lang='lat' dir='ltr'><strong>curn</strong></span> <span class='ocrx_word' id='word_1_762' title='bbox 1355 5106 1466 5164; x_wconf 86' lang='lat' dir='ltr'><strong>libertus</strong></span> <span class='ocrx_word' id='word_1_763' title='bbox 1490 5117 1598 5166; x_wconf 86' lang='lat' dir='ltr'><strong>nostros</strong></span> <span class='ocrx_word' id='word_1_764' title='bbox 1619 5107 1758 5176; x_wconf 74' lang='lat' dir='ltr'><strong>sicualdo,</strong></span> 
     </span>
     <span class='ocr_line' id='line_1_55' title="bbox 133 5196 1757 5280; baseline 0.008 -33"><span class='ocrx_word' id='word_1_765' title='bbox 133 5199 190 5268; x_wconf 72' lang='lat' dir='ltr'><strong>ipsa</strong></span> <span class='ocrx_word' id='word_1_766' title='bbox 206 5199 275 5258; x_wconf 69' lang='lat' dir='ltr'><strong>vaus</strong></span> <span class='ocrx_word' id='word_1_767' title='bbox 295 5201 432 5260; x_wconf 63' lang='lat' dir='ltr'><strong>amacina</strong></span> <span class='ocrx_word' id='word_1_768' title='bbox 451 5209 480 5258; x_wconf 69' lang='lat' dir='ltr'><strong>en</strong></span> <span class='ocrx_word' id='word_1_769' title='bbox 501 5199 664 5273; x_wconf 68' lang='lat' dir='ltr'><strong>Aquisiqpn,</strong></span> <span class='ocrx_word' id='word_1_770' title='bbox 675 5214 757 5272; x_wconf 66' lang='lat' dir='ltr'><strong>qnam</strong></span> <span class='ocrx_word' id='word_1_771' title='bbox 769 5199 805 5258; x_wconf 71' lang='lat' dir='ltr'><strong>dn</strong></span> <span class='ocrx_word' id='word_1_772' title='bbox 819 5200 918 5263; x_wconf 66' lang='lat' dir='ltr'><strong>vniss-</strong></span> <span class='ocrx_word' id='word_1_773' title='bbox 970 5209 1031 5252; x_wconf 86' lang='lat' dir='ltr'><strong>cum</strong></span> <span class='ocrx_word' id='word_1_774' title='bbox 1045 5208 1153 5252; x_wconf 86' lang='lat' dir='ltr'><strong>sorores</strong></span> <span class='ocrx_word' id='word_1_775' title='bbox 1175 5209 1238 5253; x_wconf 87' lang='lat' dir='ltr'><strong>suas</strong></span> <span class='ocrx_word' id='word_1_776' title='bbox 1251 5202 1280 5252; x_wconf 92' lang='lat' dir='ltr'><strong>et</strong></span> <span class='ocrx_word' id='word_1_777' title='bbox 1298 5196 1413 5255; x_wconf 73' lang='lat' dir='ltr'><strong>balantes</strong></span> <span class='ocrx_word' id='word_1_778' title='bbox 1425 5213 1518 5259; x_wconf 73' lang='grc' dir='ltr'>οιιιιιιι</span> <span class='ocrx_word' id='word_1_779' title='bbox 1531 5216 1539 5266; x_wconf 87' lang='grc'><strong>;</strong></span> <span class='ocrx_word' id='word_1_780' title='bbox 1553 5199 1671 5257; x_wconf 83' lang='lat' dir='ltr'><strong>llanimo</strong></span> <span class='ocrx_word' id='word_1_781' title='bbox 1694 5216 1757 5280; x_wconf 72' lang='lat' dir='ltr'><strong>cunr</strong></span> 
     </span>
     <span class='ocr_line' id='line_1_56' title="bbox 131 5279 1760 5363; baseline 0.003 -17"><span class='ocrx_word' id='word_1_782' title='bbox 131 5290 223 5360; x_wconf 71' lang='lat' dir='ltr'><strong>quiade</strong></span> <span class='ocrx_word' id='word_1_783' title='bbox 244 5293 480 5363; x_wconf 87' lang='lat' dir='ltr'><strong>eouquesirimus,</strong></span> <span class='ocrx_word' id='word_1_784' title='bbox 502 5292 573 5348; x_wconf 92' lang='lat' dir='ltr'><strong>uude</strong></span> <span class='ocrx_word' id='word_1_785' title='bbox 596 5291 726 5348; x_wconf 88' lang='lat' dir='ltr'><strong>bardinus</strong></span> <span class='ocrx_word' id='word_1_786' title='bbox 746 5291 921 5363; x_wconf 76' lang='lat' dir='ltr'><strong>capitolarius</strong></span> <span class='ocrx_word' id='word_1_787' title='bbox 970 5301 1018 5359; x_wconf 76' lang='lat' dir='ltr'><strong>sua</strong></span> <span class='ocrx_word' id='word_1_788' title='bbox 1041 5293 1069 5345; x_wconf 89' lang='lat' dir='ltr'><strong>et</strong></span> <span class='ocrx_word' id='word_1_789' title='bbox 1092 5285 1208 5344; x_wconf 87' lang='lat' dir='ltr'><strong>inlnntcs</strong></span> <span class='ocrx_word' id='word_1_790' title='bbox 1221 5290 1465 5357; x_wconf 65' lang='lat' dir='ltr'><strong>eorumsflalaicos</strong></span> <span class='ocrx_word' id='word_1_791' title='bbox 1490 5306 1543 5351; x_wconf 81' lang='lat' dir='ltr'><strong>una</strong></span> <span class='ocrx_word' id='word_1_792' title='bbox 1569 5279 1760 5352; x_wconf 77' lang='lat' dir='ltr'><strong>cunnibertus</strong></span> 
     </span>
     <span class='ocr_line' id='line_1_57' title="bbox 133 5374 1757 5456; baseline 0.017 -42"><span class='ocrx_word' id='word_1_793' title='bbox 133 5387 185 5435; x_wconf 87' lang='lat' dir='ltr'><strong>est.</strong></span> <span class='ocrx_word' id='word_1_794' title='bbox 970 5381 1087 5440; x_wconf 75' lang='lat' dir='ltr'><strong>nosnos,</strong></span> <span class='ocrx_word' id='word_1_795' title='bbox 1102 5383 1130 5428; x_wconf 90' lang='lat' dir='ltr'><strong>et</strong></span> <span class='ocrx_word' id='word_1_796' title='bbox 1151 5374 1297 5433; x_wconf 79' lang='lat' dir='ltr'><strong>bllinuicns</strong></span> <span class='ocrx_word' id='word_1_797' title='bbox 1313 5391 1393 5446; x_wconf 87' lang='lat' dir='ltr'><strong>quern</strong></span> <span class='ocrx_word' id='word_1_798' title='bbox 1408 5378 1442 5436; x_wconf 91' lang='lat' dir='ltr'><strong>de</strong></span> <span class='ocrx_word' id='word_1_799' title='bbox 1458 5378 1631 5449; x_wconf 72' lang='lat' dir='ltr'><strong>vuidegunde</strong></span> <span class='ocrx_word' id='word_1_800' title='bbox 1642 5383 1757 5456; x_wconf 87' lang='lat' dir='ltr'><strong>conqui-</strong></span> 
     </span>
    </p>
   </div>
   <div class='ocr_carea' id='block_1_3' title="bbox 169 5464 1757 5555">
    <p class='ocr_par' dir='ltr' id='par_1_3' title="bbox 169 5464 1757 5555">
     <span class='ocr_line' id='line_1_58' title="bbox 169 5464 1757 5555; baseline 0.003 -27"><span class='ocrx_word' id='word_1_801' title='bbox 169 5470 298 5534; x_wconf 80' lang='lat' dir='ltr'><strong>similiter</strong></span> <span class='ocrx_word' id='word_1_802' title='bbox 321 5481 350 5533; x_wconf 87' lang='lat' dir='ltr'><strong>et</strong></span> <span class='ocrx_word' id='word_1_803' title='bbox 370 5474 398 5535; x_wconf 91' lang='lat' dir='ltr'><strong>in</strong></span> <span class='ocrx_word' id='word_1_804' title='bbox 420 5471 619 5543; x_wconf 85' lang='lat' dir='ltr'><strong>Gerentonnis,</strong></span> <span class='ocrx_word' id='word_1_805' title='bbox 644 5469 782 5528; x_wconf 85' lang='lat' dir='ltr'><strong>colonicas</strong></span> <span class='ocrx_word' id='word_1_806' title='bbox 804 5470 838 5527; x_wconf 86' lang='lat' dir='ltr'><strong>dn</strong></span> <span class='ocrx_word' id='word_1_807' title='bbox 862 5471 920 5555; x_wconf 65' lang='lat' dir='ltr'><strong>ipsa</strong></span> <span class='ocrx_word' id='word_1_808' title='bbox 969 5464 1089 5531; x_wconf 82' lang='lat' dir='ltr'><strong>sivimus,</strong></span> <span class='ocrx_word' id='word_1_809' title='bbox 1098 5473 1127 5524; x_wconf 90' lang='lat' dir='ltr'><strong>et</strong></span> <span class='ocrx_word' id='word_1_810' title='bbox 1139 5464 1228 5525; x_wconf 85' lang='lat' dir='ltr'><strong>liberti</strong></span> <span class='ocrx_word' id='word_1_811' title='bbox 1238 5469 1323 5529; x_wconf 84' lang='lat' dir='ltr'><strong>nostri</strong></span> <span class='ocrx_word' id='word_1_812' title='bbox 1338 5469 1365 5526; x_wconf 90' lang='lat' dir='ltr'><strong>in</strong></span> <span class='ocrx_word' id='word_1_813' title='bbox 1378 5470 1465 5541; x_wconf 87' lang='lat' dir='ltr'><strong>ipsum</strong></span> <span class='ocrx_word' id='word_1_814' title='bbox 1478 5471 1626 5532; x_wconf 83' lang='lat' dir='ltr'><strong>sitianicua</strong></span> <span class='ocrx_word' id='word_1_815' title='bbox 1638 5490 1757 5533; x_wconf 75' lang='lat' dir='ltr'><strong>murma-</strong></span> 
     </span>
    </p>
   </div>
   <div class='ocr_carea' id='block_1_4' title="bbox 132 5596 1759 5759">
    <p class='ocr_par' dir='ltr' id='par_1_4' title="bbox 132 5596 1759 5759">
     <span class='ocr_line' id='line_1_59' title="bbox 169 5596 1759 5679; baseline 0.006 -23"><span class='ocrx_word' id='word_1_816' title='bbox 169 5608 182 5638; x_wconf 88' lang='lat'><strong>·</strong></span> <span class='ocrx_word' id='word_1_817' title='bbox 201 5596 240 5660; x_wconf 81' lang='lat' dir='ltr'><strong>bx</strong></span> <span class='ocrx_word' id='word_1_818' title='bbox 249 5602 291 5659; x_wconf 88' lang='lat' dir='ltr'><strong>his</strong></span> <span class='ocrx_word' id='word_1_819' title='bbox 301 5609 329 5663; x_wconf 93' lang='lat' dir='ltr'><strong>et</strong></span> <span class='ocrx_word' id='word_1_820' title='bbox 341 5603 472 5663; x_wconf 82' lang='lat' dir='ltr'><strong>similibus</strong></span> <span class='ocrx_word' id='word_1_821' title='bbox 485 5602 574 5665; x_wconf 84' lang='lat' dir='ltr'><strong>verbis</strong></span> <span class='ocrx_word' id='word_1_822' title='bbox 589 5601 742 5661; x_wconf 84' lang='lat' dir='ltr'><strong>testamenti</strong></span> <span class='ocrx_word' id='word_1_823' title='bbox 757 5599 918 5666; x_wconf 82' lang='lat' dir='ltr'><strong>widerardi.</strong></span> <span class='ocrx_word' id='word_1_824' title='bbox 971 5602 1041 5656; x_wconf 90' lang='lat' dir='ltr'><strong>inter</strong></span> <span class='ocrx_word' id='word_1_825' title='bbox 1054 5604 1158 5671; x_wconf 69' lang='lat' dir='ltr'><strong>servos,</strong></span> <span class='ocrx_word' id='word_1_826' title='bbox 1168 5600 1337 5675; x_wconf 73' lang='lat' dir='ltr'><strong>trqemttan,</strong></span> <span class='ocrx_word' id='word_1_827' title='bbox 1353 5618 1501 5676; x_wconf 85' lang='lat' dir='ltr'><strong>servosque</strong></span> <span class='ocrx_word' id='word_1_828' title='bbox 1511 5608 1623 5679; x_wconf 67' lang='lat' dir='ltr'><strong>simplici</strong></span> <span class='ocrx_word' id='word_1_829' title='bbox 1641 5610 1759 5671; x_wconf 72' lang='lat' dir='ltr'><strong>livertare</strong></span> 
     </span>
     <span class='ocr_line' id='line_1_60' title="bbox 132 5669 1711 5759; baseline 0.009 -33"><span class='ocrx_word' id='word_1_830' title='bbox 132 5671 486 5746; x_wconf 58' lang='lat' dir='ltr'><strong>stuprassettsdbperadlt</strong></span> <span class='ocrx_word' id='word_1_831' title='bbox 497 5670 673 5750; x_wconf 82' lang='lat' dir='ltr'><strong>dderenban</strong></span> <span class='ocrx_word' id='word_1_832' title='bbox 686 5671 920 5743; x_wconf 84' lang='lat' dir='ltr'><strong>quamdamiuisse</strong></span> <span class='ocrx_word' id='word_1_833' title='bbox 971 5670 1102 5735; x_wconf 69' lang='lat' dir='ltr'><strong>deustos:</strong></span> <span class='ocrx_word' id='word_1_834' title='bbox 1116 5669 1146 5730; x_wconf 86' lang='lat' dir='ltr'><strong>lvi</strong></span> <span class='ocrx_word' id='word_1_835' title='bbox 1158 5670 1253 5745; x_wconf 74' lang='lat' dir='ltr'><strong>tuns,</strong></span> <span class='ocrx_word' id='word_1_836' title='bbox 1269 5671 1423 5748; x_wconf 75' lang='lat' dir='ltr'><strong>iffiissenu</strong></span> <span class='ocrx_word' id='word_1_837' title='bbox 1435 5680 1669 5759; x_wconf 75' lang='lat' dir='ltr'><strong>nuncupabantur.</strong></span> <span class='ocrx_word' id='word_1_838' title='bbox 1708 5734 1711 5739; x_wconf 94' lang='lat'>.</span> 
     </span>
    </p>
   </div>
   <div class='ocr_carea' id='block_1_5' title="bbox 0 0 1910 6128">
    <p class='ocr_par' dir='ltr' id='par_1_5' title="bbox 0 0 1910 6128">
     <span class='ocr_line' id='line_1_61' title="bbox 0 0 1910 6128; baseline 0 0"><span class='ocrx_word' id='word_1_839' title='bbox 0 0 1910 6128; x_wconf 95' lang='lat' dir='ltr'><strong> </strong></span> 
     </span>
    </p>
   </div>
  </div>
 </body>
</html>
