<?xml version="1.0" encoding="UTF-8"?>
<!DOCTYPE html PUBLIC "-//W3C//DTD XHTML 1.0 Transitional//EN"
    "http://www.w3.org/TR/xhtml1/DTD/xhtml1-transitional.dtd">
<html xmlns="http://www.w3.org/1999/xhtml" xml:lang="en" lang="en">
 <head>
  <title>
</title>
<meta http-equiv="Content-Type" content="text/html;charset=utf-8" />
  <meta name='ocr-system' content='tesseract 3.04.00' />
  <meta name='ocr-capabilities' content='ocr_page ocr_carea ocr_par ocr_line ocrx_word'/>
</head>
<body>
  <div class='ocr_page' id='page_1' title='image "./patrologiaecurs26unkngoog_0188.png"; bbox 0 0 3810 6128; ppageno 0'>
   <div class='ocr_carea' id='block_1_1' title="bbox 141 326 1766 402">
    <p class='ocr_par' dir='ltr' id='par_1_1' title="bbox 141 326 1766 402">
     <span class='ocr_line' id='line_1_1' title="bbox 141 326 1766 402; baseline -0.014 0"><span class='ocrx_word' id='word_1_1' title='bbox 141 344 186 402; x_wconf 67' lang='lat' dir='ltr'>bib</span> <span class='ocrx_word' id='word_1_2' title='bbox 637 341 680 394; x_wconf 71' lang='lat' dir='ltr'>lte</span> <span class='ocrx_word' id='word_1_3' title='bbox 700 338 779 393; x_wconf 75' lang='lat' dir='ltr'>tlte</span> <span class='ocrx_word' id='word_1_4' title='bbox 800 335 922 394; x_wconf 70' lang='lat' dir='ltr'>stricti</span> <span class='ocrx_word' id='word_1_5' title='bbox 941 335 1091 392; x_wconf 78' lang='lat' dir='ltr'>ututttll.</span> <span class='ocrx_word' id='word_1_6' title='bbox 1112 365 1146 377; x_wconf 95' lang='lat'><em>-</em></span> <span class='ocrx_word' id='word_1_7' title='bbox 1166 335 1228 390; x_wconf 79' lang='lat' dir='ltr'>Lttt.</span> <span class='ocrx_word' id='word_1_8' title='bbox 1248 334 1268 389; x_wconf 94' lang='grc' dir='ltr'>Ι.</span> <span class='ocrx_word' id='word_1_9' title='bbox 1716 326 1766 380; x_wconf 76' lang='lat' dir='ltr'>suo</span> 
     </span>
    </p>
   </div>
   <div class='ocr_carea' id='block_1_2' title="bbox 187 441 1730 615">
    <p class='ocr_par' dir='ltr' id='par_1_2' title="bbox 187 441 1730 615">
     <span class='ocr_line' id='line_1_2' title="bbox 187 441 1730 523; baseline -0.012 -12"><span class='ocrx_word' id='word_1_10' title='bbox 187 454 259 511; x_wconf 83' lang='lat' dir='ltr'>linae</span> <span class='ocrx_word' id='word_1_11' title='bbox 272 469 379 511; x_wconf 87' lang='lat' dir='ltr'>sursum</span> <span class='ocrx_word' id='word_1_12' title='bbox 394 455 534 523; x_wconf 89' lang='lat' dir='ltr'>inspicitur</span> <span class='ocrx_word' id='word_1_13' title='bbox 547 455 632 523; x_wconf 85' lang='lat' dir='ltr'>pelagi</span> <span class='ocrx_word' id='word_1_14' title='bbox 646 452 787 509; x_wconf 76' lang='lat' dir='ltr'>furibunda</span> <span class='ocrx_word' id='word_1_15' title='bbox 799 451 875 506; x_wconf 91' lang='lat' dir='ltr'>ruina</span> <span class='ocrx_word' id='word_1_16' title='bbox 890 493 898 516; x_wconf 97' lang='lat'>,</span> <span class='ocrx_word' id='word_1_17' title='bbox 934 465 956 522; x_wconf 67' lang='grc' dir='ltr'><strong>Α</strong></span> <span class='ocrx_word' id='word_1_18' title='bbox 1025 451 1146 506; x_wconf 83' lang='lat' dir='ltr'>Tendere</span> <span class='ocrx_word' id='word_1_19' title='bbox 1157 448 1301 516; x_wconf 86' lang='lat' dir='ltr'>pollicitum</span> <span class='ocrx_word' id='word_1_20' title='bbox 1311 446 1371 511; x_wconf 81' lang='lat' dir='ltr'>utria</span> <span class='ocrx_word' id='word_1_21' title='bbox 1382 445 1499 512; x_wconf 82' lang='lat' dir='ltr'>rognrad</span> <span class='ocrx_word' id='word_1_22' title='bbox 1509 441 1730 509; x_wconf 85' lang='lat' dir='ltr'>orduagressum,</span> 
     </span>
     <span class='ocr_line' id='line_1_3' title="bbox 223 536 1582 615; baseline -0.01 -16"><span class='ocrx_word' id='word_1_23' title='bbox 223 544 323 601; x_wconf 75' lang='lat' dir='ltr'>Pontus</span> <span class='ocrx_word' id='word_1_24' title='bbox 337 557 362 600; x_wconf 91' lang='lat' dir='ltr'>et</span> <span class='ocrx_word' id='word_1_25' title='bbox 376 549 456 602; x_wconf 86' lang='lat' dir='ltr'>iratas</span> <span class='ocrx_word' id='word_1_26' title='bbox 470 548 585 615; x_wconf 55' lang='lat' dir='ltr'>desuper</span> <span class='ocrx_word' id='word_1_27' title='bbox 599 555 685 600; x_wconf 88' lang='lat' dir='ltr'>armat</span> <span class='ocrx_word' id='word_1_28' title='bbox 698 559 790 612; x_wconf 75' lang='lat' dir='ltr'>antias.</span> <span class='ocrx_word' id='word_1_29' title='bbox 975 541 1010 594; x_wconf 76' lang='lat'>50</span> <span class='ocrx_word' id='word_1_30' title='bbox 1064 541 1184 610; x_wconf 82' lang='lat' dir='ltr'>lnrperiis</span> <span class='ocrx_word' id='word_1_31' title='bbox 1196 541 1276 593; x_wconf 89' lang='lat' dir='ltr'>tantis</span> <span class='ocrx_word' id='word_1_32' title='bbox 1289 538 1390 591; x_wconf 83' lang='lat' dir='ltr'>viribus</span> <span class='ocrx_word' id='word_1_33' title='bbox 1412 536 1497 602; x_wconf 88' lang='lat' dir='ltr'>impar</span> <span class='ocrx_word' id='word_1_34' title='bbox 1510 548 1582 600; x_wconf 87' lang='lat' dir='ltr'>agor.</span> 
     </span>
    </p>
   </div>
   <div class='ocr_carea' id='block_1_3' title="bbox 195 622 1758 804">
    <p class='ocr_par' dir='ltr' id='par_1_3' title="bbox 195 622 1758 804">
     <span class='ocr_line' id='line_1_4' title="bbox 195 622 1758 710; baseline -0.012 -16"><span class='ocrx_word' id='word_1_35' title='bbox 195 638 268 695; x_wconf 75' lang='lat' dir='ltr'>dune</span> <span class='ocrx_word' id='word_1_36' title='bbox 289 655 396 708; x_wconf 72' lang='lat' dir='ltr'>guoque</span> <span class='ocrx_word' id='word_1_37' title='bbox 421 640 564 710; x_wconf 83' lang='lat' dir='ltr'>prosiliens</span> <span class='ocrx_word' id='word_1_38' title='bbox 586 638 688 708; x_wconf 80' lang='lat' dir='ltr'>zephiri</span> <span class='ocrx_word' id='word_1_39' title='bbox 718 636 858 706; x_wconf 67' lang='lat' dir='ltr'>pelagique</span> <span class='ocrx_word' id='word_1_40' title='bbox 883 650 924 689; x_wconf 85' lang='lat' dir='ltr'>re·</span> <span class='ocrx_word' id='word_1_41' title='bbox 1029 631 1152 685; x_wconf 76' lang='lat' dir='ltr'>fluctuat</span> <span class='ocrx_word' id='word_1_42' title='bbox 1167 628 1315 699; x_wconf 78' lang='lat' dir='ltr'>ingenium,</span> <span class='ocrx_word' id='word_1_43' title='bbox 1332 627 1375 680; x_wconf 93' lang='lat' dir='ltr'>cui</span> <span class='ocrx_word' id='word_1_44' title='bbox 1389 640 1441 678; x_wconf 92' lang='lat' dir='ltr'>non</span> <span class='ocrx_word' id='word_1_45' title='bbox 1458 632 1531 677; x_wconf 90' lang='lat' dir='ltr'>natat</span> <span class='ocrx_word' id='word_1_46' title='bbox 1545 622 1615 676; x_wconf 88' lang='lat' dir='ltr'>unda</span> <span class='ocrx_word' id='word_1_47' title='bbox 1628 633 1758 678; x_wconf 73' lang='lat' dir='ltr'>couroente</span> 
     </span>
     <span class='ocr_line' id='line_1_5' title="bbox 820 716 1609 804; baseline -0.019 -22"><span class='ocrx_word' id='word_1_48' title='bbox 820 726 925 804; x_wconf 54' lang='lat' dir='ltr'>[palem</span> <span class='ocrx_word' id='word_1_49' title='bbox 1064 723 1165 778; x_wconf 79' lang='lat' dir='ltr'>Sensus</span> <span class='ocrx_word' id='word_1_50' title='bbox 1178 735 1307 775; x_wconf 87' lang='lat' dir='ltr'>arenosus</span> <span class='ocrx_word' id='word_1_51' title='bbox 1320 736 1372 772; x_wconf 76' lang='lat' dir='ltr'>nrrn</span> <span class='ocrx_word' id='word_1_52' title='bbox 1384 717 1452 785; x_wconf 82' lang='lat' dir='ltr'>rigat</span> <span class='ocrx_word' id='word_1_53' title='bbox 1464 731 1511 771; x_wconf 86' lang='lat' dir='ltr'>ore</span> <span class='ocrx_word' id='word_1_54' title='bbox 1526 716 1609 769; x_wconf 87' lang='lat' dir='ltr'>lacus.</span> 
     </span>
    </p>
   </div>
   <div class='ocr_carea' id='block_1_4' title="bbox 155 808 1767 1073">
    <p class='ocr_par' dir='ltr' id='par_1_4' title="bbox 155 808 1767 1073">
     <span class='ocr_line' id='line_1_6' title="bbox 155 808 1766 878; baseline -0.011 0"><span class='ocrx_word' id='word_1_55' title='bbox 155 823 183 878; x_wconf 79' lang='grc'>11</span> <span class='ocrx_word' id='word_1_56' title='bbox 230 823 366 878; x_wconf 67' lang='lat' dir='ltr'>fluctibus</span> <span class='ocrx_word' id='word_1_57' title='bbox 377 823 481 878; x_wconf 82' lang='lat' dir='ltr'>erimils</span> <span class='ocrx_word' id='word_1_58' title='bbox 495 823 584 878; x_wconf 77' lang='lat' dir='ltr'>evolat</span> <span class='ocrx_word' id='word_1_59' title='bbox 597 830 656 876; x_wconf 90' lang='lat' dir='ltr'>acta</span> <span class='ocrx_word' id='word_1_60' title='bbox 671 822 746 874; x_wconf 88' lang='lat' dir='ltr'>ratis.</span> <span class='ocrx_word' id='word_1_61' title='bbox 1029 815 1094 868; x_wconf 84' lang='lat' dir='ltr'>llam</span> <span class='ocrx_word' id='word_1_62' title='bbox 1104 817 1205 869; x_wconf 88' lang='lat' dir='ltr'>celsum</span> <span class='ocrx_word' id='word_1_63' title='bbox 1221 811 1324 867; x_wconf 87' lang='lat' dir='ltr'>meritis</span> <span class='ocrx_word' id='word_1_64' title='bbox 1340 809 1480 865; x_wconf 71' lang='lat' dir='ltr'>Matrinum</span> <span class='ocrx_word' id='word_1_65' title='bbox 1503 809 1536 862; x_wconf 93' lang='lat' dir='ltr'>ad</span> <span class='ocrx_word' id='word_1_66' title='bbox 1552 808 1639 862; x_wconf 86' lang='lat' dir='ltr'>sidera</span> <span class='ocrx_word' id='word_1_67' title='bbox 1661 817 1766 870; x_wconf 86' lang='lat' dir='ltr'>notum,</span> 
     </span>
     <span class='ocr_line' id='line_1_7' title="bbox 195 898 1697 975; baseline -0.014 -7"><span class='ocrx_word' id='word_1_68' title='bbox 195 913 313 968; x_wconf 82' lang='lat' dir='ltr'>ttuetror</span> <span class='ocrx_word' id='word_1_69' title='bbox 325 915 446 969; x_wconf 76' lang='lat' dir='ltr'>tremulis</span> <span class='ocrx_word' id='word_1_70' title='bbox 458 913 615 969; x_wconf 87' lang='lat' dir='ltr'>temerarius</span> <span class='ocrx_word' id='word_1_71' title='bbox 628 913 728 966; x_wconf 89' lang='lat' dir='ltr'>arbiter</span> <span class='ocrx_word' id='word_1_72' title='bbox 741 911 839 975; x_wconf 90' lang='lat' dir='ltr'>undis,</span> <span class='ocrx_word' id='word_1_73' title='bbox 1065 907 1130 960; x_wconf 71' lang='lat' dir='ltr'>ilum</span> <span class='ocrx_word' id='word_1_74' title='bbox 1142 904 1197 959; x_wconf 88' lang='lat' dir='ltr'>sint</span> <span class='ocrx_word' id='word_1_75' title='bbox 1208 912 1269 958; x_wconf 85' lang='lat' dir='ltr'>rota</span> <span class='ocrx_word' id='word_1_76' title='bbox 1283 943 1291 966; x_wconf 89' lang='lat'>,</span> <span class='ocrx_word' id='word_1_77' title='bbox 1306 901 1372 956; x_wconf 81' lang='lat' dir='ltr'>milti</span> <span class='ocrx_word' id='word_1_78' title='bbox 1384 916 1437 954; x_wconf 92' lang='lat' dir='ltr'>non</span> <span class='ocrx_word' id='word_1_79' title='bbox 1452 901 1522 952; x_wconf 80' lang='lat' dir='ltr'>salet</span> <span class='ocrx_word' id='word_1_80' title='bbox 1538 912 1599 951; x_wconf 84' lang='lat' dir='ltr'>arca</span> <span class='ocrx_word' id='word_1_81' title='bbox 1615 898 1697 965; x_wconf 83' lang='lat' dir='ltr'>loqui.</span> 
     </span>
     <span class='ocr_line' id='line_1_8' title="bbox 228 987 1767 1073; baseline -0.014 -16"><span class='ocrx_word' id='word_1_82' title='bbox 228 1004 260 1057; x_wconf 81' lang='lat' dir='ltr'>e&#39;t</span> <span class='ocrx_word' id='word_1_83' title='bbox 272 1011 374 1070; x_wconf 86' lang='lat' dir='ltr'>stupet,</span> <span class='ocrx_word' id='word_1_84' title='bbox 389 1004 530 1073; x_wconf 87' lang='lat' dir='ltr'>implicitas</span> <span class='ocrx_word' id='word_1_85' title='bbox 548 1017 615 1071; x_wconf 79' lang='lat' dir='ltr'>quas</span> <span class='ocrx_word' id='word_1_86' title='bbox 629 1011 701 1070; x_wconf 87' lang='lat' dir='ltr'>petat</span> <span class='ocrx_word' id='word_1_87' title='bbox 715 1014 772 1055; x_wconf 89' lang='lat' dir='ltr'>arte</span> <span class='ocrx_word' id='word_1_88' title='bbox 786 1003 853 1055; x_wconf 86' lang='lat' dir='ltr'>rias.</span> <span class='ocrx_word' id='word_1_89' title='bbox 976 996 1011 1054; x_wconf 77' lang='lat'>55</span> <span class='ocrx_word' id='word_1_90' title='bbox 1031 997 1198 1053; x_wconf 80' lang='lat' dir='ltr'>Poscendom</span> <span class='ocrx_word' id='word_1_91' title='bbox 1212 1006 1253 1050; x_wconf 88' lang='lat' dir='ltr'>est</span> <span class='ocrx_word' id='word_1_92' title='bbox 1265 994 1353 1058; x_wconf 87' lang='lat' dir='ltr'>robis,</span> <span class='ocrx_word' id='word_1_93' title='bbox 1370 1006 1404 1047; x_wconf 86' lang='lat' dir='ltr'>rte</span> <span class='ocrx_word' id='word_1_94' title='bbox 1420 989 1547 1059; x_wconf 86' lang='lat' dir='ltr'>naulraga</span> <span class='ocrx_word' id='word_1_95' title='bbox 1560 1002 1640 1057; x_wconf 89' lang='lat' dir='ltr'>prora</span> <span class='ocrx_word' id='word_1_96' title='bbox 1655 987 1767 1052; x_wconf 80' lang='lat' dir='ltr'>laboret,</span> 
     </span>
    </p>
   </div>
   <div class='ocr_carea' id='block_1_5' title="bbox 195 1079 1767 1255">
    <p class='ocr_par' dir='ltr' id='par_1_5' title="bbox 195 1079 1767 1255">
     <span class='ocr_line' id='line_1_9' title="bbox 195 1079 1618 1165; baseline -0.013 -17"><span class='ocrx_word' id='word_1_97' title='bbox 195 1094 344 1158; x_wconf 69' lang='lat' dir='ltr'>attonitus,</span> <span class='ocrx_word' id='word_1_98' title='bbox 360 1096 500 1165; x_wconf 89' lang='lat' dir='ltr'>trepidus,</span> <span class='ocrx_word' id='word_1_99' title='bbox 519 1093 668 1158; x_wconf 76' lang='lat' dir='ltr'>hebetans,</span> <span class='ocrx_word' id='word_1_100' title='bbox 689 1109 791 1162; x_wconf 79' lang='lat' dir='ltr'>sagos,</span> <span class='ocrx_word' id='word_1_101' title='bbox 807 1091 904 1146; x_wconf 79' lang='lat' dir='ltr'>ansius</span> <span class='ocrx_word' id='word_1_102' title='bbox 919 1132 925 1153; x_wconf 90' lang='lat'>,</span> <span class='ocrx_word' id='word_1_103' title='bbox 1066 1088 1184 1143; x_wconf 83' lang='lat' dir='ltr'>Flatibus</span> <span class='ocrx_word' id='word_1_104' title='bbox 1199 1088 1244 1140; x_wconf 89' lang='lat' dir='ltr'>illo</span> <span class='ocrx_word' id='word_1_105' title='bbox 1256 1085 1311 1138; x_wconf 87' lang='lat' dir='ltr'>suis</span> <span class='ocrx_word' id='word_1_106' title='bbox 1325 1083 1371 1138; x_wconf 86' lang='lat' dir='ltr'>sed</span> <span class='ocrx_word' id='word_1_107' title='bbox 1388 1097 1447 1136; x_wconf 85' lang='lat' dir='ltr'>mea</span> <span class='ocrx_word' id='word_1_108' title='bbox 1463 1081 1520 1133; x_wconf 85' lang='lat' dir='ltr'>reia</span> <span class='ocrx_word' id='word_1_109' title='bbox 1533 1079 1618 1147; x_wconf 77' lang='lat' dir='ltr'>iuret.</span> 
     </span>
     <span class='ocr_line' id='line_1_10' title="bbox 790 1168 1767 1255; baseline -0.013 -19"><span class='ocrx_word' id='word_1_110' title='bbox 790 1183 924 1255; x_wconf 88' lang='lat' dir='ltr'>[anceps,</span> <span class='ocrx_word' id='word_1_111' title='bbox 1030 1179 1147 1234; x_wconf 77' lang='lat' dir='ltr'>Credere</span> <span class='ocrx_word' id='word_1_112' title='bbox 1158 1187 1221 1231; x_wconf 90' lang='lat' dir='ltr'>tune</span> <span class='ocrx_word' id='word_1_113' title='bbox 1232 1185 1325 1244; x_wconf 89' lang='lat' dir='ltr'>potero</span> <span class='ocrx_word' id='word_1_114' title='bbox 1340 1174 1372 1228; x_wconf 88' lang='lat' dir='ltr'>ad</span> <span class='ocrx_word' id='word_1_115' title='bbox 1386 1180 1490 1241; x_wconf 90' lang='lat' dir='ltr'>portum</span> <span class='ocrx_word' id='word_1_116' title='bbox 1507 1185 1565 1224; x_wconf 88' lang='lat' dir='ltr'>mea</span> <span class='ocrx_word' id='word_1_117' title='bbox 1582 1169 1692 1224; x_wconf 87' lang='lat' dir='ltr'>carbasa</span> <span class='ocrx_word' id='word_1_118' title='bbox 1704 1168 1767 1224; x_wconf 87' lang='lat' dir='ltr'>lerri</span> 
     </span>
    </p>
   </div>
   <div class='ocr_carea' id='block_1_6' title="bbox 138 1261 1767 1618">
    <p class='ocr_par' dir='ltr' id='par_1_6' title="bbox 158 1261 1767 1436">
     <span class='ocr_line' id='line_1_11' title="bbox 225 1261 1591 1344; baseline -0.01 -16"><span class='ocrx_word' id='word_1_119' title='bbox 225 1272 340 1328; x_wconf 78' lang='lat' dir='ltr'>contuso</span> <span class='ocrx_word' id='word_1_120' title='bbox 354 1272 462 1342; x_wconf 91' lang='lat' dir='ltr'>ingenio</span> <span class='ocrx_word' id='word_1_121' title='bbox 475 1291 535 1328; x_wconf 79' lang='lat' dir='ltr'>inor</span> <span class='ocrx_word' id='word_1_122' title='bbox 548 1289 600 1344; x_wconf 93' lang='lat' dir='ltr'>ope</span> <span class='ocrx_word' id='word_1_123' title='bbox 614 1284 694 1327; x_wconf 87' lang='lat' dir='ltr'>rrauta</span> <span class='ocrx_word' id='word_1_124' title='bbox 709 1285 795 1327; x_wconf 89' lang='lat' dir='ltr'>caret.</span> <span class='ocrx_word' id='word_1_125' title='bbox 1068 1270 1207 1337; x_wconf 75' lang='lat' dir='ltr'>aspirante</span> <span class='ocrx_word' id='word_1_126' title='bbox 1223 1268 1286 1331; x_wconf 91' lang='lat' dir='ltr'>ilde,</span> <span class='ocrx_word' id='word_1_127' title='bbox 1303 1267 1325 1320; x_wconf 87' lang='lat' dir='ltr'>si</span> <span class='ocrx_word' id='word_1_128' title='bbox 1341 1280 1388 1319; x_wconf 90' lang='lat' dir='ltr'>sua</span> <span class='ocrx_word' id='word_1_129' title='bbox 1405 1265 1476 1318; x_wconf 90' lang='lat' dir='ltr'>labra</span> <span class='ocrx_word' id='word_1_130' title='bbox 1491 1261 1591 1316; x_wconf 80' lang='lat' dir='ltr'>tarent.</span> 
     </span>
     <span class='ocr_line' id='line_1_12' title="bbox 158 1346 1767 1436; baseline -0.013 -18"><span class='ocrx_word' id='word_1_131' title='bbox 158 1362 185 1418; x_wconf 82' lang='grc'>11</span> <span class='ocrx_word' id='word_1_132' title='bbox 196 1362 300 1433; x_wconf 78' lang='lat' dir='ltr'>iamque</span> <span class='ocrx_word' id='word_1_133' title='bbox 311 1365 507 1436; x_wconf 71' lang='lat' dir='ltr'>gubernaclum</span> <span class='ocrx_word' id='word_1_134' title='bbox 522 1369 648 1420; x_wconf 88' lang='lat' dir='ltr'>amittens</span> <span class='ocrx_word' id='word_1_135' title='bbox 659 1366 763 1420; x_wconf 83' lang='lat' dir='ltr'>ratione</span> <span class='ocrx_word' id='word_1_136' title='bbox 774 1361 895 1434; x_wconf 84' lang='lat' dir='ltr'>gerendi,</span> <span class='ocrx_word' id='word_1_137' title='bbox 1032 1358 1051 1411; x_wconf 83' lang='lat' dir='ltr'>F</span> <span class='ocrx_word' id='word_1_138' title='bbox 1054 1368 1111 1412; x_wconf 89' lang='lat' dir='ltr'>erte</span> <span class='ocrx_word' id='word_1_139' title='bbox 1124 1365 1264 1426; x_wconf 72' lang='lat' dir='ltr'>precanter</span> <span class='ocrx_word' id='word_1_140' title='bbox 1276 1367 1366 1421; x_wconf 90' lang='lat' dir='ltr'>opem,</span> <span class='ocrx_word' id='word_1_141' title='bbox 1380 1350 1450 1405; x_wconf 89' lang='lat' dir='ltr'>etde</span> <span class='ocrx_word' id='word_1_142' title='bbox 1462 1349 1544 1403; x_wconf 81' lang='lat' dir='ltr'>verbo</span> <span class='ocrx_word' id='word_1_143' title='bbox 1558 1346 1661 1417; x_wconf 85' lang='lat' dir='ltr'>poscite</span> <span class='ocrx_word' id='word_1_144' title='bbox 1675 1347 1767 1409; x_wconf 85' lang='lat' dir='ltr'>rerba,</span> 
     </span>
    </p>

    <p class='ocr_par' dir='ltr' id='par_1_7' title="bbox 138 1439 1765 1618">
     <span class='ocr_line' id='line_1_13' title="bbox 138 1439 1601 1530; baseline -0.015 -16"><span class='ocrx_word' id='word_1_145' title='bbox 138 1439 142 1460; x_wconf 83' lang='lat'>&#39;</span> <span class='ocrx_word' id='word_1_146' title='bbox 225 1457 345 1513; x_wconf 84' lang='lat' dir='ltr'>Pondere</span> <span class='ocrx_word' id='word_1_147' title='bbox 359 1460 444 1514; x_wconf 89' lang='lat' dir='ltr'>rictus</span> <span class='ocrx_word' id='word_1_148' title='bbox 455 1473 542 1530; x_wconf 73' lang='lat' dir='ltr'>equs,</span> <span class='ocrx_word' id='word_1_149' title='bbox 557 1457 664 1514; x_wconf 82' lang='lat' dir='ltr'>nescios</span> <span class='ocrx_word' id='word_1_150' title='bbox 677 1469 735 1512; x_wconf 88' lang='lat' dir='ltr'>arte</span> <span class='ocrx_word' id='word_1_151' title='bbox 747 1459 827 1525; x_wconf 83' lang='lat' dir='ltr'>jacet.</span> <span class='ocrx_word' id='word_1_152' title='bbox 978 1449 1013 1504; x_wconf 83' lang='lat' dir='ltr'>lu</span> <span class='ocrx_word' id='word_1_153' title='bbox 1066 1448 1094 1504; x_wconf 86' lang='lat' dir='ltr'>st</span> <span class='ocrx_word' id='word_1_154' title='bbox 1110 1449 1170 1502; x_wconf 94' lang='lat' dir='ltr'>lons</span> <span class='ocrx_word' id='word_1_155' title='bbox 1184 1446 1229 1500; x_wconf 89' lang='lat' dir='ltr'>iile</span> <span class='ocrx_word' id='word_1_156' title='bbox 1244 1447 1321 1514; x_wconf 85' lang='lat' dir='ltr'>rigat,</span> <span class='ocrx_word' id='word_1_157' title='bbox 1332 1443 1434 1497; x_wconf 82' lang='lat' dir='ltr'>rivulus</span> <span class='ocrx_word' id='word_1_158' title='bbox 1455 1442 1506 1495; x_wconf 87' lang='lat' dir='ltr'>iste</span> <span class='ocrx_word' id='word_1_159' title='bbox 1521 1451 1601 1493; x_wconf 84' lang='lat' dir='ltr'>ruent.</span> 
     </span>
     <span class='ocr_line' id='line_1_14' title="bbox 196 1532 1765 1618; baseline -0.013 -16"><span class='ocrx_word' id='word_1_160' title='bbox 196 1545 236 1602; x_wconf 86' lang='lat' dir='ltr'>Sic</span> <span class='ocrx_word' id='word_1_161' title='bbox 247 1562 296 1618; x_wconf 87' lang='lat' dir='ltr'>ego</span> <span class='ocrx_word' id='word_1_162' title='bbox 310 1547 344 1604; x_wconf 92' lang='lat' dir='ltr'>de</span> <span class='ocrx_word' id='word_1_163' title='bbox 358 1548 471 1603; x_wconf 86' lang='lat' dir='ltr'>modicis</span> <span class='ocrx_word' id='word_1_164' title='bbox 486 1549 629 1613; x_wconf 90' lang='lat' dir='ltr'>minimus,</span> <span class='ocrx_word' id='word_1_165' title='bbox 646 1545 806 1602; x_wconf 68' lang='lat' dir='ltr'>renerabilrs</span> <span class='ocrx_word' id='word_1_166' title='bbox 820 1547 926 1615; x_wconf 74' lang='lat' dir='ltr'>Agnes,</span> <span class='ocrx_word' id='word_1_167' title='bbox 1035 1543 1086 1596; x_wconf 78' lang='lat' dir='ltr'>los</span> <span class='ocrx_word' id='word_1_168' title='bbox 1099 1541 1159 1596; x_wconf 88' lang='lat' dir='ltr'>date</span> <span class='ocrx_word' id='word_1_169' title='bbox 1172 1539 1243 1609; x_wconf 73' lang='lat' dir='ltr'>duod</span> <span class='ocrx_word' id='word_1_170' title='bbox 1256 1539 1332 1593; x_wconf 85' lang='lat' dir='ltr'>rolris</span> <span class='ocrx_word' id='word_1_171' title='bbox 1350 1550 1411 1589; x_wconf 89' lang='lat' dir='ltr'>com</span> <span class='ocrx_word' id='word_1_172' title='bbox 1424 1535 1516 1589; x_wconf 82' lang='lat' dir='ltr'>terrore</span> <span class='ocrx_word' id='word_1_173' title='bbox 1526 1533 1620 1586; x_wconf 87' lang='lat' dir='ltr'>reddat</span> <span class='ocrx_word' id='word_1_174' title='bbox 1633 1532 1765 1593; x_wconf 72' lang='lat' dir='ltr'>stomun,</span> 
     </span>
    </p>
   </div>
   <div class='ocr_carea' id='block_1_7' title="bbox 227 1625 1648 1710">
    <p class='ocr_par' dir='ltr' id='par_1_8' title="bbox 227 1625 1648 1710">
     <span class='ocr_line' id='line_1_15' title="bbox 227 1625 1648 1710; baseline -0.012 -17"><span class='ocrx_word' id='word_1_175' title='bbox 227 1638 292 1694; x_wconf 84' lang='lat' dir='ltr'>Cum</span> <span class='ocrx_word' id='word_1_176' title='bbox 309 1639 472 1709; x_wconf 86' lang='lat' dir='ltr'>iladegunde</span> <span class='ocrx_word' id='word_1_177' title='bbox 484 1654 571 1706; x_wconf 89' lang='lat' dir='ltr'>sacra,</span> <span class='ocrx_word' id='word_1_178' title='bbox 585 1655 653 1710; x_wconf 79' lang='lat' dir='ltr'>quos</span> <span class='ocrx_word' id='word_1_179' title='bbox 667 1640 727 1694; x_wconf 90' lang='lat' dir='ltr'>colo</span> <span class='ocrx_word' id='word_1_180' title='bbox 740 1648 813 1693; x_wconf 85' lang='lat' dir='ltr'>sorte</span> <span class='ocrx_word' id='word_1_181' title='bbox 828 1637 891 1706; x_wconf 84' lang='lat' dir='ltr'>piar</span> <span class='ocrx_word' id='word_1_182' title='bbox 1066 1633 1169 1688; x_wconf 77' lang='lat' dir='ltr'>Addam</span> <span class='ocrx_word' id='word_1_183' title='bbox 1183 1641 1211 1685; x_wconf 92' lang='lat' dir='ltr'>ut</span> <span class='ocrx_word' id='word_1_184' title='bbox 1225 1629 1358 1684; x_wconf 85' lang='lat' dir='ltr'>tlresauris</span> <span class='ocrx_word' id='word_1_185' title='bbox 1373 1641 1452 1697; x_wconf 88' lang='lat' dir='ltr'>parra</span> <span class='ocrx_word' id='word_1_186' title='bbox 1474 1626 1570 1680; x_wconf 87' lang='lat' dir='ltr'>talenta</span> <span class='ocrx_word' id='word_1_187' title='bbox 1583 1625 1648 1678; x_wconf 85' lang='lat' dir='ltr'>suis.</span> 
     </span>
    </p>
   </div>
   <div class='ocr_carea' id='block_1_8' title="bbox 185 1755 1766 1848">
    <p class='ocr_par' dir='ltr' id='par_1_9' title="bbox 185 1755 1766 1848">
     <span class='ocr_line' id='line_1_16' title="bbox 185 1755 1766 1848; baseline -0.013 -21"><span class='ocrx_word' id='word_1_188' title='bbox 185 1770 219 1827; x_wconf 73' lang='grc'>11.</span> <span class='ocrx_word' id='word_1_189' title='bbox 237 1769 285 1828; x_wconf 74' lang='lat' dir='ltr'>Ed.</span> <span class='ocrx_word' id='word_1_190' title='bbox 303 1774 371 1829; x_wconf 72' lang='lat' dir='ltr'>len.</span> <span class='ocrx_word' id='word_1_191' title='bbox 388 1777 494 1831; x_wconf 89' lang='lat' dir='ltr'>ratione</span> <span class='ocrx_word' id='word_1_192' title='bbox 514 1778 673 1848; x_wconf 80' lang='lat' dir='ltr'>gerendum:</span> <span class='ocrx_word' id='word_1_193' title='bbox 687 1776 757 1843; x_wconf 85' lang='lat' dir='ltr'>quod</span> <span class='ocrx_word' id='word_1_194' title='bbox 773 1777 868 1845; x_wconf 83' lang='lat' dir='ltr'>placet.</span> <span class='ocrx_word' id='word_1_195' title='bbox 1014 1767 1059 1823; x_wconf 76' lang='lat'>58.</span> <span class='ocrx_word' id='word_1_196' title='bbox 1079 1765 1146 1822; x_wconf 86' lang='lat' dir='ltr'>Cod.</span> <span class='ocrx_word' id='word_1_197' title='bbox 1164 1758 1223 1820; x_wconf 83' lang='lat' dir='ltr'>Vut.</span> <span class='ocrx_word' id='word_1_198' title='bbox 1237 1776 1264 1819; x_wconf 89' lang='lat' dir='ltr'>et</span> <span class='ocrx_word' id='word_1_199' title='bbox 1277 1762 1304 1817; x_wconf 90' lang='lat' dir='ltr'>in</span> <span class='ocrx_word' id='word_1_200' title='bbox 1319 1762 1387 1818; x_wconf 86' lang='lat' dir='ltr'>Ven.</span> <span class='ocrx_word' id='word_1_201' title='bbox 1402 1755 1464 1829; x_wconf 80' lang='lat' dir='ltr'>ed,</span> <span class='ocrx_word' id='word_1_202' title='bbox 1476 1757 1498 1816; x_wconf 86' lang='lat' dir='ltr'>si</span> <span class='ocrx_word' id='word_1_203' title='bbox 1516 1773 1563 1814; x_wconf 85' lang='lat' dir='ltr'>sua</span> <span class='ocrx_word' id='word_1_204' title='bbox 1577 1757 1676 1828; x_wconf 69' lang='grc' dir='ltr'>[1ιε11ας</span> <span class='ocrx_word' id='word_1_205' title='bbox 1696 1755 1766 1824; x_wconf 83' lang='lat' dir='ltr'>quod</span> 
     </span>
    </p>
   </div>
   <div class='ocr_carea' id='block_1_9' title="bbox 186 1828 1129 1981">
    <p class='ocr_par' dir='ltr' id='par_1_10' title="bbox 186 1828 1129 1981">
     <span class='ocr_line' id='line_1_17' title="bbox 186 1828 1129 1916; baseline -0.008 -18"><span class='ocrx_word' id='word_1_206' title='bbox 186 1842 220 1898; x_wconf 67' lang='grc'>11</span> <span class='ocrx_word' id='word_1_207' title='bbox 236 1841 291 1907; x_wconf 63' lang='grc' dir='ltr'>Β.</span> <span class='ocrx_word' id='word_1_208' title='bbox 301 1844 368 1900; x_wconf 77' lang='lat' dir='ltr'>len.</span> <span class='ocrx_word' id='word_1_209' title='bbox 389 1843 524 1900; x_wconf 76' lang='lat' dir='ltr'>dismas</span> <span class='ocrx_word' id='word_1_210' title='bbox 538 1851 613 1916; x_wconf 78' lang='lat' dir='ltr'>cajus</span> <span class='ocrx_word' id='word_1_211' title='bbox 636 1863 688 1909; x_wconf 84' lang='lat' dir='ltr'>non</span> <span class='ocrx_word' id='word_1_212' title='bbox 698 1848 767 1916; x_wconf 87' lang='lat' dir='ltr'>rigat</span> <span class='ocrx_word' id='word_1_213' title='bbox 780 1861 824 1901; x_wconf 82' lang='lat' dir='ltr'>ore</span> <span class='ocrx_word' id='word_1_214' title='bbox 837 1846 920 1900; x_wconf 89' lang='lat' dir='ltr'>lacus.</span> <span class='ocrx_word' id='word_1_215' title='bbox 938 1828 1129 1897; x_wconf 76' lang='lat' dir='ltr'>Bterrendum.</span> 
     </span>
     <span class='ocr_line' id='line_1_18' title="bbox 187 1911 596 1981; baseline 0.007 -13"><span class='ocrx_word' id='word_1_216' title='bbox 187 1911 220 1968; x_wconf 81' lang='lat' dir='ltr'>ii.</span> <span class='ocrx_word' id='word_1_217' title='bbox 236 1913 302 1970; x_wconf 73' lang='lat' dir='ltr'>(lod.</span> <span class='ocrx_word' id='word_1_218' title='bbox 319 1911 391 1981; x_wconf 70' lang='lat' dir='ltr'>lat„</span> <span class='ocrx_word' id='word_1_219' title='bbox 409 1915 444 1971; x_wconf 81' lang='lat' dir='ltr'>ur</span> <span class='ocrx_word' id='word_1_220' title='bbox 456 1932 514 1972; x_wconf 82' lang='lat' dir='ltr'>mea</span> <span class='ocrx_word' id='word_1_221' title='bbox 528 1917 596 1971; x_wconf 84' lang='lat' dir='ltr'>reia.</span> 
     </span>
    </p>
   </div>
   <div class='ocr_carea' id='block_1_10' title="bbox 167 2054 1767 2098">
    <p class='ocr_par' dir='ltr' id='par_1_11' title="bbox 167 2054 1767 2098">
     <span class='ocr_line' id='line_1_19' title="bbox 167 2054 1767 2098; baseline -0.013 -7"><span class='ocrx_word' id='word_1_222' title='bbox 167 2054 1767 2098; x_wconf 41' lang='grc' dir='ltr'>ΗΜ</span> 
     </span>
    </p>
   </div>
   <div class='ocr_carea' id='block_1_11' title="bbox 466 2174 1420 2314">
    <p class='ocr_par' dir='ltr' id='par_1_12' title="bbox 466 2174 1420 2314">
     <span class='ocr_line' id='line_1_20' title="bbox 466 2174 1420 2314; baseline -0.027 -3"><span class='ocrx_word' id='word_1_223' title='bbox 466 2199 556 2312; x_wconf 88' lang='lat' dir='ltr'>DE</span> <span class='ocrx_word' id='word_1_224' title='bbox 601 2197 779 2314; x_wconf 74' lang='lat' dir='ltr'>Vlla</span> <span class='ocrx_word' id='word_1_225' title='bbox 816 2186 1075 2306; x_wconf 83' lang='lat' dir='ltr'>SANCTI</span> <span class='ocrx_word' id='word_1_226' title='bbox 1117 2174 1420 2296; x_wconf 82' lang='lat' dir='ltr'><strong>MARTINI</strong></span> 
     </span>
    </p>
   </div>
   <div class='ocr_carea' id='block_1_12' title="bbox 758 2478 1143 2569">
    <p class='ocr_par' dir='ltr' id='par_1_13' title="bbox 758 2478 1143 2569">
     <span class='ocr_line' id='line_1_21' title="bbox 758 2478 1143 2569; baseline -0.034 -1"><span class='ocrx_word' id='word_1_227' title='bbox 758 2489 910 2569; x_wconf 85' lang='lat' dir='ltr'>LIBER</span> <span class='ocrx_word' id='word_1_228' title='bbox 936 2478 1143 2562; x_wconf 86' lang='lat' dir='ltr'><strong>PRIMUS.</strong></span> 
     </span>
    </p>
   </div>
   <div class='ocr_carea' id='block_1_13' title="bbox 172 2684 1763 4059">
    <p class='ocr_par' dir='ltr' id='par_1_14' title="bbox 172 2684 1763 4059">
     <span class='ocr_line' id='line_1_22' title="bbox 201 2684 1711 2782; baseline -0.021 -12"><span class='ocrx_word' id='word_1_229' title='bbox 201 2711 355 2770; x_wconf 84' lang='lat' dir='ltr'>iltitltronne</span> <span class='ocrx_word' id='word_1_230' title='bbox 377 2719 518 2782; x_wconf 75' lang='lat' dir='ltr'>postqum</span> <span class='ocrx_word' id='word_1_231' title='bbox 533 2707 670 2779; x_wconf 78' lang='lat' dir='ltr'>repedant</span> <span class='ocrx_word' id='word_1_232' title='bbox 683 2705 716 2761; x_wconf 89' lang='lat' dir='ltr'>ad</span> <span class='ocrx_word' id='word_1_233' title='bbox 736 2706 838 2761; x_wconf 79' lang='lat' dir='ltr'>aethera</span> <span class='ocrx_word' id='word_1_234' title='bbox 849 2705 927 2761; x_wconf 77' lang='lat' dir='ltr'>cbri-</span> <span class='ocrx_word' id='word_1_235' title='bbox 1035 2701 1101 2755; x_wconf 90' lang='lat' dir='ltr'>llinc</span> <span class='ocrx_word' id='word_1_236' title='bbox 1113 2710 1218 2768; x_wconf 77' lang='lat' dir='ltr'>quoque</span> <span class='ocrx_word' id='word_1_237' title='bbox 1233 2693 1369 2762; x_wconf 79' lang='lat' dir='ltr'>conspicuo</span> <span class='ocrx_word' id='word_1_238' title='bbox 1385 2688 1497 2743; x_wconf 88' lang='lat' dir='ltr'>radiarit</span> <span class='ocrx_word' id='word_1_239' title='bbox 1509 2685 1596 2757; x_wconf 84' lang='lat' dir='ltr'>lingua</span> <span class='ocrx_word' id='word_1_240' title='bbox 1610 2684 1711 2750; x_wconf 80' lang='lat' dir='ltr'>seduli,</span> 
     </span>
     <span class='ocr_line' id='line_1_23' title="bbox 851 2777 1692 2874; baseline -0.025 -24"><span class='ocrx_word' id='word_1_241' title='bbox 851 2800 929 2874; x_wconf 81' lang='lat' dir='ltr'>[stus,</span> <span class='ocrx_word' id='word_1_242' title='bbox 1035 2795 1175 2858; x_wconf 75' lang='lat' dir='ltr'>laneaque</span> <span class='ocrx_word' id='word_1_243' title='bbox 1189 2783 1347 2857; x_wconf 83' lang='lat' dir='ltr'>perstrinxit</span> <span class='ocrx_word' id='word_1_244' title='bbox 1366 2779 1480 2835; x_wconf 89' lang='lat' dir='ltr'>llorente</span> <span class='ocrx_word' id='word_1_245' title='bbox 1493 2777 1620 2833; x_wconf 78' lang='lat' dir='ltr'>orontius</span> <span class='ocrx_word' id='word_1_246' title='bbox 1635 2791 1692 2842; x_wconf 88' lang='lat' dir='ltr'>ore,</span> 
     </span>
     <span class='ocr_line' id='line_1_24' title="bbox 201 2867 1728 2965; baseline -0.021 -13"><span class='ocrx_word' id='word_1_247' title='bbox 201 2893 272 2951; x_wconf 72' lang='lat' dir='ltr'>brae</span> <span class='ocrx_word' id='word_1_248' title='bbox 285 2894 443 2964; x_wconf 82' lang='lat' dir='ltr'>triumphali</span> <span class='ocrx_word' id='word_1_249' title='bbox 459 2894 578 2950; x_wconf 82' lang='lat' dir='ltr'>victricia</span> <span class='ocrx_word' id='word_1_250' title='bbox 593 2894 667 2965; x_wconf 87' lang='lat' dir='ltr'>signa</span> <span class='ocrx_word' id='word_1_251' title='bbox 683 2908 837 2962; x_wconf 86' lang='lat' dir='ltr'>reportans,</span> <span class='ocrx_word' id='word_1_252' title='bbox 1033 2879 1246 2952; x_wconf 79' lang='lat' dir='ltr'>llartyribosqoe</span> <span class='ocrx_word' id='word_1_253' title='bbox 1260 2876 1311 2944; x_wconf 89' lang='lat' dir='ltr'>piis</span> <span class='ocrx_word' id='word_1_254' title='bbox 1324 2886 1399 2927; x_wconf 89' lang='lat' dir='ltr'>saera</span> <span class='ocrx_word' id='word_1_255' title='bbox 1414 2871 1471 2926; x_wconf 83' lang='lat' dir='ltr'>baec</span> <span class='ocrx_word' id='word_1_256' title='bbox 1486 2870 1595 2924; x_wconf 86' lang='lat' dir='ltr'>donaria</span> <span class='ocrx_word' id='word_1_257' title='bbox 1610 2867 1728 2929; x_wconf 75' lang='lat' dir='ltr'>mittens,</span> 
     </span>
     <span class='ocr_line' id='line_1_25' title="bbox 201 2958 1734 3056; baseline -0.025 -10"><span class='ocrx_word' id='word_1_258' title='bbox 201 2983 303 3056; x_wconf 67' lang='lat' dir='ltr'>belriu</span> <span class='ocrx_word' id='word_1_259' title='bbox 318 2984 419 3041; x_wconf 74' lang='lat' dir='ltr'>inferni</span> <span class='ocrx_word' id='word_1_260' title='bbox 431 2987 545 3055; x_wconf 86' lang='lat' dir='ltr'>spoliato</span> <span class='ocrx_word' id='word_1_261' title='bbox 558 3001 666 3042; x_wconf 81' lang='lat' dir='ltr'>carcere</span> <span class='ocrx_word' id='word_1_262' title='bbox 680 2987 766 3053; x_wconf 72' lang='lat' dir='ltr'>dives,</span> <span class='ocrx_word' id='word_1_263' title='bbox 1033 2971 1163 3034; x_wconf 85' lang='lat' dir='ltr'>Prudens,</span> <span class='ocrx_word' id='word_1_264' title='bbox 1179 2967 1324 3039; x_wconf 77' lang='lat' dir='ltr'>prudenter</span> <span class='ocrx_word' id='word_1_265' title='bbox 1339 2961 1498 3018; x_wconf 87' lang='lat' dir='ltr'>Prudentius</span> <span class='ocrx_word' id='word_1_266' title='bbox 1514 2958 1634 3014; x_wconf 88' lang='lat' dir='ltr'>immolat</span> <span class='ocrx_word' id='word_1_267' title='bbox 1648 2968 1734 3012; x_wconf 80' lang='lat' dir='ltr'>actus.</span> 
     </span>
     <span class='ocr_line' id='line_1_26' title="bbox 200 3046 1745 3153; baseline -0.019 -22"><span class='ocrx_word' id='word_1_268' title='bbox 200 3072 307 3135; x_wconf 74' lang='lat' dir='ltr'>Tartarei</span> <span class='ocrx_word' id='word_1_269' title='bbox 322 3079 472 3148; x_wconf 83' lang='lat' dir='ltr'>reprimens</span> <span class='ocrx_word' id='word_1_270' title='bbox 485 3078 576 3140; x_wconf 76' lang='lat' dir='ltr'>feralia</span> <span class='ocrx_word' id='word_1_271' title='bbox 589 3077 649 3148; x_wconf 77' lang='lat' dir='ltr'>iura</span> <span class='ocrx_word' id='word_1_272' title='bbox 665 3080 783 3149; x_wconf 76' lang='lat' dir='ltr'>tyranni,</span> <span class='ocrx_word' id='word_1_273' title='bbox 978 3067 1015 3122; x_wconf 72' lang='lat'>20</span> <span class='ocrx_word' id='word_1_274' title='bbox 1033 3066 1192 3130; x_wconf 81' lang='lat' dir='ltr'>stemmate,</span> <span class='ocrx_word' id='word_1_275' title='bbox 1206 3057 1297 3122; x_wconf 89' lang='lat' dir='ltr'>corde,</span> <span class='ocrx_word' id='word_1_276' title='bbox 1311 3056 1364 3111; x_wconf 89' lang='lat' dir='ltr'>lide</span> <span class='ocrx_word' id='word_1_277' title='bbox 1377 3053 1480 3133; x_wconf 89' lang='lat' dir='ltr'>pollens</span> <span class='ocrx_word' id='word_1_278' title='bbox 1492 3046 1618 3152; x_wconf 77' lang='lat' dir='ltr'>Paulinus</span> <span class='ocrx_word' id='word_1_279' title='bbox 1637 3057 1664 3153; x_wconf 79' lang='lat' dir='ltr'>et</span> <span class='ocrx_word' id='word_1_280' title='bbox 1678 3058 1745 3113; x_wconf 86' lang='lat' dir='ltr'>arte,</span> 
     </span>
     <span class='ocr_line' id='line_1_27' title="bbox 177 3144 1671 3240; baseline -0.024 -11"><span class='ocrx_word' id='word_1_281' title='bbox 177 3163 322 3240; x_wconf 62' lang='lat' dir='ltr'>Minis</span> <span class='ocrx_word' id='word_1_282' title='bbox 329 3167 499 3236; x_wconf 87' lang='lat' dir='ltr'>omnipotens</span> <span class='ocrx_word' id='word_1_283' title='bbox 506 3168 676 3223; x_wconf 87' lang='lat' dir='ltr'>adamantina</span> <span class='ocrx_word' id='word_1_284' title='bbox 684 3170 799 3225; x_wconf 84' lang='lat' dir='ltr'>claustra</span> <span class='ocrx_word' id='word_1_285' title='bbox 808 3171 922 3236; x_wconf 75' lang='lat' dir='ltr'>revellit,</span> <span class='ocrx_word' id='word_1_286' title='bbox 1030 3156 1157 3212; x_wconf 80' lang='lat' dir='ltr'>Versibus</span> <span class='ocrx_word' id='word_1_287' title='bbox 1170 3151 1299 3220; x_wconf 81' lang='lat' dir='ltr'>explicuit</span> <span class='ocrx_word' id='word_1_288' title='bbox 1312 3146 1416 3203; x_wconf 87' lang='lat' dir='ltr'>llartini</span> <span class='ocrx_word' id='word_1_289' title='bbox 1431 3144 1529 3215; x_wconf 88' lang='lat' dir='ltr'>dogma</span> <span class='ocrx_word' id='word_1_290' title='bbox 1543 3151 1671 3211; x_wconf 86' lang='lat' dir='ltr'>rnagrstrt.</span> 
     </span>
     <span class='ocr_line' id='line_1_28' title="bbox 200 3240 1762 3330; baseline -0.019 -15"><span class='ocrx_word' id='word_1_291' title='bbox 200 3255 256 3315; x_wconf 74' lang='lat' dir='ltr'>Sede</span> <span class='ocrx_word' id='word_1_292' title='bbox 268 3259 328 3314; x_wconf 82' lang='lat' dir='ltr'>iera</span> <span class='ocrx_word' id='word_1_293' title='bbox 347 3259 455 3329; x_wconf 89' lang='lat' dir='ltr'>populi,</span> <span class='ocrx_word' id='word_1_294' title='bbox 469 3259 548 3330; x_wconf 85' lang='lat' dir='ltr'>longa</span> <span class='ocrx_word' id='word_1_295' title='bbox 562 3259 677 3329; x_wconf 87' lang='lat' dir='ltr'>caligine</span> <span class='ocrx_word' id='word_1_296' title='bbox 696 3259 778 3326; x_wconf 86' lang='lat' dir='ltr'>tecti,</span> <span class='ocrx_word' id='word_1_297' title='bbox 1030 3249 1116 3306; x_wconf 78' lang='lat' dir='ltr'>sortis</span> <span class='ocrx_word' id='word_1_298' title='bbox 1131 3244 1301 3314; x_wconf 73' lang='lat' dir='ltr'>apostolicae,</span> <span class='ocrx_word' id='word_1_299' title='bbox 1315 3255 1376 3310; x_wconf 77' lang='lat' dir='ltr'>quae</span> <span class='ocrx_word' id='word_1_300' title='bbox 1390 3248 1465 3306; x_wconf 88' lang='lat' dir='ltr'>gesta</span> <span class='ocrx_word' id='word_1_301' title='bbox 1480 3243 1619 3298; x_wconf 83' lang='lat' dir='ltr'>vocantur,</span> <span class='ocrx_word' id='word_1_302' title='bbox 1635 3243 1662 3288; x_wconf 90' lang='lat' dir='ltr'>et</span> <span class='ocrx_word' id='word_1_303' title='bbox 1676 3240 1762 3297; x_wconf 61' lang='lat' dir='ltr'>artur,</span> 
     </span>
     <span class='ocr_line' id='line_1_29' title="bbox 200 3325 1640 3427; baseline -0.009 -25"><span class='ocrx_word' id='word_1_304' title='bbox 200 3346 326 3418; x_wconf 75' lang='lat' dir='ltr'>Captivum</span> <span class='ocrx_word' id='word_1_305' title='bbox 347 3350 487 3406; x_wconf 86' lang='lat' dir='ltr'>retrahens</span> <span class='ocrx_word' id='word_1_306' title='bbox 502 3352 587 3421; x_wconf 90' lang='lat' dir='ltr'>portis</span> <span class='ocrx_word' id='word_1_307' title='bbox 600 3351 785 3424; x_wconf 72' lang='lat' dir='ltr'>bipatentibus</span> <span class='ocrx_word' id='word_1_308' title='bbox 798 3366 906 3420; x_wconf 86' lang='lat' dir='ltr'>agmen,</span> <span class='ocrx_word' id='word_1_309' title='bbox 1032 3335 1158 3392; x_wconf 69' lang='lat' dir='ltr'>Facundo</span> <span class='ocrx_word' id='word_1_310' title='bbox 1173 3333 1281 3403; x_wconf 70' lang='lat' dir='ltr'>el⁰l1s¹⁰</span> <span class='ocrx_word' id='word_1_311' title='bbox 1294 3338 1369 3385; x_wconf 63' lang='lat' dir='ltr'>&#39;¹²¹0ss</span> <span class='ocrx_word' id='word_1_312' title='bbox 1384 3327 1498 3383; x_wconf 62' lang='grc'>11101111</span> <span class='ocrx_word' id='word_1_313' title='bbox 1511 3325 1618 3380; x_wconf 62' lang='lat' dir='ltr'>Armi·</span> <span class='ocrx_word' id='word_1_314' title='bbox 1633 3414 1640 3427; x_wconf 27' lang='grc' dir='ltr'><strong>υ</strong></span> 
     </span>
     <span class='ocr_line' id='line_1_30' title="bbox 201 3416 1680 3518; baseline -0.02 -22"><span class='ocrx_word' id='word_1_315' title='bbox 201 3437 305 3498; x_wconf 76' lang='lat' dir='ltr'>lillibus</span> <span class='ocrx_word' id='word_1_316' title='bbox 318 3442 434 3511; x_wconf 89' lang='lat' dir='ltr'>ereptis,</span> <span class='ocrx_word' id='word_1_317' title='bbox 449 3458 514 3514; x_wconf 88' lang='lat' dir='ltr'>ergo</span> <span class='ocrx_word' id='word_1_318' title='bbox 527 3452 569 3497; x_wconf 77' lang='lat' dir='ltr'>ese</span> <span class='ocrx_word' id='word_1_319' title='bbox 583 3450 612 3497; x_wconf 90' lang='lat' dir='ltr'>nt</span> <span class='ocrx_word' id='word_1_320' title='bbox 626 3443 748 3498; x_wconf 70' lang='lat' dir='ltr'>reddum</span> <span class='ocrx_word' id='word_1_321' title='bbox 762 3444 852 3507; x_wconf 61' lang='lat' dir='ltr'>astris,</span> <span class='ocrx_word' id='word_1_322' title='bbox 1027 3425 1104 3495; x_wconf 81' lang='lat' dir='ltr'>Quod</span> <span class='ocrx_word' id='word_1_323' title='bbox 1116 3438 1193 3481; x_wconf 86' lang='lat' dir='ltr'>sacra</span> <span class='ocrx_word' id='word_1_324' title='bbox 1205 3420 1333 3493; x_wconf 83' lang='lat' dir='ltr'>explicuit</span> <span class='ocrx_word' id='word_1_325' title='bbox 1345 3418 1415 3474; x_wconf 88' lang='lat' dir='ltr'>serie</span> <span class='ocrx_word' id='word_1_326' title='bbox 1429 3417 1590 3518; x_wconf 71' lang='lat' dir='ltr'>genealogus</span> <span class='ocrx_word' id='word_1_327' title='bbox 1604 3416 1680 3483; x_wconf 89' lang='lat' dir='ltr'>olrrn,</span> 
     </span>
     <span class='ocr_line' id='line_1_31' title="bbox 201 3507 1655 3601; baseline -0.01 -15"><span class='ocrx_word' id='word_1_328' title='bbox 201 3528 321 3589; x_wconf 82' lang='lat' dir='ltr'>lltPatrie</span> <span class='ocrx_word' id='word_1_329' title='bbox 336 3533 363 3587; x_wconf 90' lang='lat' dir='ltr'>in</span> <span class='ocrx_word' id='word_1_330' title='bbox 378 3532 447 3588; x_wconf 88' lang='lat' dir='ltr'>solio</span> <span class='ocrx_word' id='word_1_331' title='bbox 460 3534 538 3599; x_wconf 90' lang='lat' dir='ltr'>sedit,</span> <span class='ocrx_word' id='word_1_332' title='bbox 555 3547 603 3587; x_wconf 87' lang='lat' dir='ltr'>sua</span> <span class='ocrx_word' id='word_1_333' title='bbox 619 3534 741 3601; x_wconf 85' lang='lat' dir='ltr'>dextera,</span> <span class='ocrx_word' id='word_1_334' title='bbox 758 3532 865 3596; x_wconf 80' lang='lat' dir='ltr'>dexter,</span> <span class='ocrx_word' id='word_1_335' title='bbox 975 3517 1011 3573; x_wconf 70' lang='lat'>²5</span> <span class='ocrx_word' id='word_1_336' title='bbox 1029 3515 1148 3591; x_wconf 64' lang='lat' dir='ltr'>Mlifflu‘</span> <span class='ocrx_word' id='word_1_337' title='bbox 1161 3513 1269 3583; x_wconf 60' lang='lat'>0810850</span> <span class='ocrx_word' id='word_1_338' title='bbox 1284 3509 1394 3582; x_wconf 61' lang='lat' dir='ltr'>‘libelii‘</span> <span class='ocrx_word' id='word_1_339' title='bbox 1408 3522 1532 3562; x_wconf 80' lang='lat' dir='ltr'>acumine</span> <span class='ocrx_word' id='word_1_340' title='bbox 1545 3507 1655 3574; x_wconf 66' lang='lat' dir='ltr'>llaewl·</span> 
     </span>
     <span class='ocr_line' id='line_1_32' title="bbox 172 3594 1762 3686; baseline -0.012 -21"><span class='ocrx_word' id='word_1_341' title='bbox 172 3611 193 3668; x_wconf 89' lang='lat' dir='ltr'>tt</span> <span class='ocrx_word' id='word_1_342' title='bbox 203 3617 256 3686; x_wconf 64' lang='lat' dir='ltr'>pu</span> <span class='ocrx_word' id='word_1_343' title='bbox 267 3634 443 3678; x_wconf 64' lang='lat' dir='ltr'>mmm,</span> <span class='ocrx_word' id='word_1_344' title='bbox 455 3623 528 3678; x_wconf 58' lang='lat' dir='ltr'>degn</span> <span class='ocrx_word' id='word_1_345' title='bbox 541 3623 574 3678; x_wconf 60' lang='lat' dir='ltr'>ad</span> <span class='ocrx_word' id='word_1_346' title='bbox 588 3623 716 3678; x_wconf 62' lang='lat' dir='ltr'>mimula</span> <span class='ocrx_word' id='word_1_347' title='bbox 732 3624 820 3686; x_wconf 54' lang='lat' dir='ltr'>germ,</span> <span class='ocrx_word' id='word_1_348' title='bbox 1028 3607 1078 3660; x_wconf 79' lang='lat' dir='ltr'>ast</span> <span class='ocrx_word' id='word_1_349' title='bbox 1090 3618 1141 3673; x_wconf 85' lang='lat' dir='ltr'>ego</span> <span class='ocrx_word' id='word_1_350' title='bbox 1154 3617 1251 3658; x_wconf 84' lang='lat' dir='ltr'>sensus</span> <span class='ocrx_word' id='word_1_351' title='bbox 1264 3601 1353 3669; x_wconf 85' lang='lat' dir='ltr'>inops,</span> <span class='ocrx_word' id='word_1_352' title='bbox 1368 3598 1441 3653; x_wconf 84' lang='lat' dir='ltr'>italae</span> <span class='ocrx_word' id='word_1_353' title='bbox 1455 3606 1537 3666; x_wconf 82' lang='lat' dir='ltr'>quota</span> <span class='ocrx_word' id='word_1_354' title='bbox 1552 3595 1640 3666; x_wconf 91' lang='lat' dir='ltr'>portio</span> <span class='ocrx_word' id='word_1_355' title='bbox 1655 3594 1762 3665; x_wconf 82' lang='lat' dir='ltr'>lingua,</span> 
     </span>
     <span class='ocr_line' id='line_1_33' title="bbox 205 3689 1762 3784; baseline -0.016 -20"><span class='ocrx_word' id='word_1_356' title='bbox 205 3707 271 3768; x_wconf 81' lang='lat' dir='ltr'>tlte</span> <span class='ocrx_word' id='word_1_357' title='bbox 285 3713 433 3784; x_wconf 77' lang='lat' dir='ltr'>evangelici</span> <span class='ocrx_word' id='word_1_358' title='bbox 449 3722 585 3770; x_wconf 84' lang='lat' dir='ltr'>reserante</span> <span class='ocrx_word' id='word_1_359' title='bbox 599 3713 735 3768; x_wconf 85' lang='lat' dir='ltr'>volumine</span> <span class='ocrx_word' id='word_1_360' title='bbox 749 3712 821 3776; x_wconf 90' lang='lat' dir='ltr'>libri,</span> <span class='ocrx_word' id='word_1_361' title='bbox 1030 3694 1106 3751; x_wconf 78' lang='lat' dir='ltr'>Fece</span> <span class='ocrx_word' id='word_1_362' title='bbox 1120 3697 1220 3766; x_wconf 85' lang='lat' dir='ltr'>grauis,</span> <span class='ocrx_word' id='word_1_363' title='bbox 1235 3706 1361 3749; x_wconf 84' lang='lat' dir='ltr'>sermone</span> <span class='ocrx_word' id='word_1_364' title='bbox 1376 3692 1452 3754; x_wconf 89' lang='lat' dir='ltr'>loris,</span> <span class='ocrx_word' id='word_1_365' title='bbox 1476 3689 1582 3745; x_wconf 83' lang='lat' dir='ltr'>ratione</span> <span class='ocrx_word' id='word_1_366' title='bbox 1596 3689 1762 3759; x_wconf 78' lang='lat' dir='ltr'>pigrescens,</span> 
     </span>
     <span class='ocr_line' id='line_1_34' title="bbox 205 3782 1763 3875; baseline -0.015 -19"><span class='ocrx_word' id='word_1_367' title='bbox 205 3797 339 3856; x_wconf 80' lang='lat' dir='ltr'>ilebraicus</span> <span class='ocrx_word' id='word_1_368' title='bbox 351 3803 448 3858; x_wconf 84' lang='lat' dir='ltr'>cecinit</span> <span class='ocrx_word' id='word_1_369' title='bbox 464 3803 559 3875; x_wconf 78' lang='lat' dir='ltr'>stylus,</span> <span class='ocrx_word' id='word_1_370' title='bbox 578 3803 692 3868; x_wconf 80' lang='lat' dir='ltr'>Atticus,</span> <span class='ocrx_word' id='word_1_371' title='bbox 709 3812 788 3871; x_wconf 78' lang='lat' dir='ltr'>atone</span> <span class='ocrx_word' id='word_1_372' title='bbox 802 3800 922 3866; x_wconf 77' lang='lat' dir='ltr'>Latinus,</span> <span class='ocrx_word' id='word_1_373' title='bbox 1029 3789 1116 3844; x_wconf 76' lang='lat' dir='ltr'>Mente</span> <span class='ocrx_word' id='word_1_374' title='bbox 1126 3788 1220 3854; x_wconf 86' lang='lat' dir='ltr'>trebes,</span> <span class='ocrx_word' id='word_1_375' title='bbox 1232 3796 1290 3840; x_wconf 90' lang='lat' dir='ltr'>arte</span> <span class='ocrx_word' id='word_1_376' title='bbox 1302 3798 1407 3851; x_wconf 86' lang='lat' dir='ltr'>careus,</span> <span class='ocrx_word' id='word_1_377' title='bbox 1419 3798 1468 3838; x_wconf 90' lang='lat' dir='ltr'>usu</span> <span class='ocrx_word' id='word_1_378' title='bbox 1484 3782 1567 3848; x_wconf 87' lang='lat' dir='ltr'>rudis,</span> <span class='ocrx_word' id='word_1_379' title='bbox 1580 3796 1627 3836; x_wconf 89' lang='lat' dir='ltr'>ore</span> <span class='ocrx_word' id='word_1_380' title='bbox 1641 3796 1691 3835; x_wconf 89' lang='lat' dir='ltr'>nec</span> <span class='ocrx_word' id='word_1_381' title='bbox 1713 3796 1763 3835; x_wconf 90' lang='lat' dir='ltr'>er·</span> 
     </span>
     <span class='ocr_line' id='line_1_35' title="bbox 206 3870 1762 3961; baseline -0.016 -15"><span class='ocrx_word' id='word_1_382' title='bbox 206 3885 315 3946; x_wconf 83' lang='lat' dir='ltr'>lrasateo</span> <span class='ocrx_word' id='word_1_383' title='bbox 326 3891 430 3961; x_wconf 72' lang='lat' dir='ltr'>digesta</span> <span class='ocrx_word' id='word_1_384' title='bbox 444 3893 507 3959; x_wconf 92' lang='lat' dir='ltr'>situ,</span> <span class='ocrx_word' id='word_1_385' title='bbox 522 3906 665 3948; x_wconf 83' lang='lat' dir='ltr'>commune</span> <span class='ocrx_word' id='word_1_386' title='bbox 680 3899 781 3944; x_wconf 90' lang='lat' dir='ltr'>rotatu.</span> <span class='ocrx_word' id='word_1_387' title='bbox 1680 3870 1762 3946; x_wconf 63' lang='lat' dir='ltr'>lim·</span> 
     </span>
     <span class='ocr_line' id='line_1_36' title="bbox 207 3975 1748 4059; baseline -0.014 1"><span class='ocrx_word' id='word_1_388' title='bbox 207 3975 293 4035; x_wconf 62' lang='lat' dir='ltr'>pm</span> <span class='ocrx_word' id='word_1_389' title='bbox 307 3983 381 4036; x_wconf 52' lang='grc' dir='ltr'>ΕΜ</span> <span class='ocrx_word' id='word_1_390' title='bbox 396 3981 476 4037; x_wconf 62' lang='lat' dir='ltr'><strong>d⁰⁰¹¹³</strong></span> <span class='ocrx_word' id='word_1_391' title='bbox 491 3981 658 4052; x_wconf 66' lang='lat' dir='ltr'>di⁸¹5¹¹il¹¹l2¹¹⁸</span> <span class='ocrx_word' id='word_1_392' title='bbox 677 3981 771 4036; x_wconf 68' lang='lat'>⁰¹¹¹¹¹¹⁰</span> <span class='ocrx_word' id='word_1_393' title='bbox 785 3989 904 4045; x_wconf 62' lang='grc'><strong>03110111,</strong></span> <span class='ocrx_word' id='word_1_394' title='bbox 1030 3990 1142 4045; x_wconf 84' lang='lat' dir='ltr'>Parvula</span> <span class='ocrx_word' id='word_1_395' title='bbox 1157 3987 1337 4059; x_wconf 74' lang='lat' dir='ltr'>grammatice</span> <span class='ocrx_word' id='word_1_396' title='bbox 1350 3986 1468 4040; x_wconf 79' lang='lat' dir='ltr'>lamlmns</span> <span class='ocrx_word' id='word_1_397' title='bbox 1484 3984 1639 4039; x_wconf 81' lang='lat' dir='ltr'>retinemini</span> <span class='ocrx_word' id='word_1_398' title='bbox 1653 3992 1748 4054; x_wconf 78' lang='lat' dir='ltr'>gnttae,</span> 
     </span>
    </p>
   </div>
   <div class='ocr_carea' id='block_1_14' title="bbox 175 4056 1868 4146">
    <p class='ocr_par' dir='ltr' id='par_1_15' title="bbox 175 4056 1868 4146">
     <span class='ocr_line' id='line_1_37' title="bbox 175 4056 1868 4146; baseline 0 -18"><span class='ocrx_word' id='word_1_399' title='bbox 175 4063 338 4143; x_wconf 70' lang='lat' dir='ltr'>¹illiestatis</span> <span class='ocrx_word' id='word_1_400' title='bbox 352 4088 420 4144; x_wconf 85' lang='lat' dir='ltr'>opus</span> <span class='ocrx_word' id='word_1_401' title='bbox 434 4076 512 4129; x_wconf 87' lang='lat' dir='ltr'>metri</span> <span class='ocrx_word' id='word_1_402' title='bbox 525 4075 597 4130; x_wconf 89' lang='lat' dir='ltr'>canit</span> <span class='ocrx_word' id='word_1_403' title='bbox 611 4083 670 4130; x_wconf 88' lang='lat' dir='ltr'>arte</span> <span class='ocrx_word' id='word_1_404' title='bbox 682 4072 825 4130; x_wconf 81' lang='lat' dir='ltr'>lureucus·</span> <span class='ocrx_word' id='word_1_405' title='bbox 975 4079 1010 4135; x_wconf 71' lang='lat' dir='ltr'>uu</span> <span class='ocrx_word' id='word_1_406' title='bbox 1028 4079 1180 4135; x_wconf 77' lang='lat' dir='ltr'>llbetoricre</span> <span class='ocrx_word' id='word_1_407' title='bbox 1194 4077 1320 4146; x_wconf 80' lang='lat' dir='ltr'>exiguum</span> <span class='ocrx_word' id='word_1_408' title='bbox 1336 4076 1478 4146; x_wconf 77' lang='lat' dir='ltr'>praelibans</span> <span class='ocrx_word' id='word_1_409' title='bbox 1492 4075 1603 4144; x_wconf 85' lang='lat' dir='ltr'>gurgitis</span> <span class='ocrx_word' id='word_1_410' title='bbox 1620 4074 1757 4137; x_wconf 81' lang='lat' dir='ltr'>baustum,</span> <span class='ocrx_word' id='word_1_411' title='bbox 1865 4056 1868 4067; x_wconf 79' lang='grc'><strong>’</strong></span> 
     </span>
    </p>
   </div>
   <div class='ocr_carea' id='block_1_15' title="bbox 138 4266 1760 5810">
    <p class='ocr_par' dir='ltr' id='par_1_16' title="bbox 138 4266 1760 5810">
     <span class='ocr_line' id='line_1_38' title="bbox 206 4266 1757 4346; baseline -0.001 -18"><span class='ocrx_word' id='word_1_412' title='bbox 206 4266 225 4324; x_wconf 70' lang='lat'>9.</span> <span class='ocrx_word' id='word_1_413' title='bbox 237 4271 280 4329; x_wconf 73' lang='lat' dir='ltr'>Ed.</span> <span class='ocrx_word' id='word_1_414' title='bbox 293 4275 375 4341; x_wconf 74' lang='lat' dir='ltr'>lem,</span> <span class='ocrx_word' id='word_1_415' title='bbox 387 4293 434 4331; x_wconf 84' lang='lat' dir='ltr'>arro</span> <span class='ocrx_word' id='word_1_416' title='bbox 445 4277 548 4331; x_wconf 82' lang='lat' dir='ltr'>dertero</span> <span class='ocrx_word' id='word_1_417' title='bbox 558 4280 672 4340; x_wconf 73' lang='lat' dir='ltr'>dextroe5</span> <span class='ocrx_word' id='word_1_418' title='bbox 685 4276 756 4346; x_wconf 81' lang='lat' dir='ltr'>quod</span> <span class='ocrx_word' id='word_1_419' title='bbox 770 4277 866 4342; x_wconf 86' lang='lat' dir='ltr'>placer.</span> <span class='ocrx_word' id='word_1_420' title='bbox 975 4292 1006 4333; x_wconf 88' lang='lat' dir='ltr'>ac</span> <span class='ocrx_word' id='word_1_421' title='bbox 1019 4277 1052 4332; x_wconf 87' lang='lat' dir='ltr'>de</span> <span class='ocrx_word' id='word_1_422' title='bbox 1064 4279 1121 4343; x_wconf 88' lang='lat' dir='ltr'>ipso</span> <span class='ocrx_word' id='word_1_423' title='bbox 1145 4276 1270 4345; x_wconf 79' lang='lat' dir='ltr'>loquitur,</span> <span class='ocrx_word' id='word_1_424' title='bbox 1295 4283 1421 4342; x_wconf 80' lang='lat' dir='ltr'>tanomm</span> <span class='ocrx_word' id='word_1_425' title='bbox 1442 4272 1476 4327; x_wconf 92' lang='lat' dir='ltr'>de</span> <span class='ocrx_word' id='word_1_426' title='bbox 1497 4275 1595 4328; x_wconf 88' lang='lat' dir='ltr'>alieno.</span> <span class='ocrx_word' id='word_1_427' title='bbox 1620 4274 1711 4330; x_wconf 86' lang='lat' dir='ltr'>Tertio</span> <span class='ocrx_word' id='word_1_428' title='bbox 1731 4277 1757 4330; x_wconf 88' lang='lat' dir='ltr'>in</span> 
     </span>
     <span class='ocr_line' id='line_1_39' title="bbox 198 4334 1759 4413; baseline 0 -17"><span class='ocrx_word' id='word_1_429' title='bbox 198 4334 228 4393; x_wconf 77' lang='grc'>11.</span> <span class='ocrx_word' id='word_1_430' title='bbox 240 4341 286 4398; x_wconf 73' lang='lat' dir='ltr'>Ed.</span> <span class='ocrx_word' id='word_1_431' title='bbox 298 4345 380 4410; x_wconf 73' lang='lat' dir='ltr'>iem,</span> <span class='ocrx_word' id='word_1_432' title='bbox 391 4348 461 4400; x_wconf 81' lang='lat' dir='ltr'>dedit</span> <span class='ocrx_word' id='word_1_433' title='bbox 475 4350 528 4401; x_wconf 77' lang='lat' dir='ltr'>irco</span> <span class='ocrx_word' id='word_1_434' title='bbox 542 4348 676 4400; x_wconf 76' lang='lat' dir='ltr'>miraculo.</span> <span class='ocrx_word' id='word_1_435' title='bbox 975 4347 1024 4403; x_wconf 84' lang='lat' dir='ltr'>bie.</span> <span class='ocrx_word' id='word_1_436' title='bbox 1039 4346 1179 4403; x_wconf 83' lang='lat' dir='ltr'>Codicibus</span> <span class='ocrx_word' id='word_1_437' title='bbox 1205 4349 1298 4413; x_wconf 83' lang='lat' dir='ltr'>legitur</span> <span class='ocrx_word' id='word_1_438' title='bbox 1312 4342 1438 4399; x_wconf 84' lang='lat' dir='ltr'>Pontinos</span> <span class='ocrx_word' id='word_1_439' title='bbox 1460 4341 1637 4401; x_wconf 83' lang='lat' dir='ltr'>Petrieordioe.</span> <span class='ocrx_word' id='word_1_440' title='bbox 1659 4344 1759 4412; x_wconf 84' lang='lat' dir='ltr'>Grego-</span> 
     </span>
     <span class='ocr_line' id='line_1_40' title="bbox 199 4407 1760 4480; baseline 0.001 -12"><span class='ocrx_word' id='word_1_441' title='bbox 199 4407 284 4468; x_wconf 73' lang='lat' dir='ltr'>li.bd.</span> <span class='ocrx_word' id='word_1_442' title='bbox 297 4415 378 4480; x_wconf 73' lang='lat' dir='ltr'>tera,</span> <span class='ocrx_word' id='word_1_443' title='bbox 394 4418 481 4470; x_wconf 81' lang='lat' dir='ltr'>ordine</span> <span class='ocrx_word' id='word_1_444' title='bbox 493 4432 602 4470; x_wconf 81' lang='lat' dir='ltr'>carmen.</span> <span class='ocrx_word' id='word_1_445' title='bbox 976 4419 1031 4472; x_wconf 89' lang='lat' dir='ltr'>rius</span> <span class='ocrx_word' id='word_1_446' title='bbox 1045 4417 1111 4473; x_wconf 80' lang='lat' dir='ltr'>Tur.</span> <span class='ocrx_word' id='word_1_447' title='bbox 1136 4425 1224 4471; x_wconf 69' lang='lat' dir='ltr'>umen</span> <span class='ocrx_word' id='word_1_448' title='bbox 1240 4415 1346 4470; x_wconf 89' lang='lat' dir='ltr'>laudato</span> <span class='ocrx_word' id='word_1_449' title='bbox 1372 4416 1430 4470; x_wconf 90' lang='lat' dir='ltr'>loco</span> <span class='ocrx_word' id='word_1_450' title='bbox 1451 4415 1551 4469; x_wconf 89' lang='lat' dir='ltr'>diserte</span> <span class='ocrx_word' id='word_1_451' title='bbox 1572 4414 1667 4469; x_wconf 71' lang='lat' dir='ltr'>arserit</span> <span class='ocrx_word' id='word_1_452' title='bbox 1690 4416 1760 4469; x_wconf 88' lang='lat' dir='ltr'>buno</span> 
     </span>
     <span class='ocr_line' id='line_1_41' title="bbox 197 4467 1759 4556; baseline 0.003 -23"><span class='ocrx_word' id='word_1_453' title='bbox 197 4475 226 4533; x_wconf 79' lang='lat' dir='ltr'>ii.</span> <span class='ocrx_word' id='word_1_454' title='bbox 239 4483 364 4539; x_wconf 73' lang='lat' dir='ltr'>Orontim.</span> <span class='ocrx_word' id='word_1_455' title='bbox 381 4485 429 4539; x_wconf 82' lang='lat' dir='ltr'>ils.</span> <span class='ocrx_word' id='word_1_456' title='bbox 446 4487 574 4542; x_wconf 71' lang='lat' dir='ltr'>orantius.</span> <span class='ocrx_word' id='word_1_457' title='bbox 936 4467 961 4525; x_wconf 80' lang='grc' dir='ltr'>Ῑ)</span> <span class='ocrx_word' id='word_1_458' title='bbox 976 4487 1057 4541; x_wconf 88' lang='lat' dir='ltr'>luisse</span> <span class='ocrx_word' id='word_1_459' title='bbox 1070 4487 1218 4551; x_wconf 83' lang='lat' dir='ltr'>Paulinum,</span> <span class='ocrx_word' id='word_1_460' title='bbox 1242 4486 1371 4540; x_wconf 85' lang='lat' dir='ltr'>Nolanum</span> <span class='ocrx_word' id='word_1_461' title='bbox 1386 4486 1540 4552; x_wconf 84' lang='lat' dir='ltr'>episcopum</span> <span class='ocrx_word' id='word_1_462' title='bbox 1553 4503 1560 4538; x_wconf 72' lang='grc' dir='ltr'><strong><em>ε</em></strong></span> <span class='ocrx_word' id='word_1_463' title='bbox 1573 4489 1702 4556; x_wconf 82' lang='lat' dir='ltr'>dereptas,</span> <span class='ocrx_word' id='word_1_464' title='bbox 1716 4485 1759 4539; x_wconf 88' lang='lat' dir='ltr'>in·</span> 
     </span>
     <span class='ocr_line' id='line_1_42' title="bbox 193 4543 1759 4625; baseline 0.001 -19"><span class='ocrx_word' id='word_1_465' title='bbox 193 4543 225 4602; x_wconf 65' lang='grc'>11.</span> <span class='ocrx_word' id='word_1_466' title='bbox 238 4551 370 4609; x_wconf 79' lang='lat' dir='ltr'>Pertinere.</span> <span class='ocrx_word' id='word_1_467' title='bbox 399 4556 474 4611; x_wconf 90' lang='lat' dir='ltr'>llnne</span> <span class='ocrx_word' id='word_1_468' title='bbox 497 4556 578 4611; x_wconf 88' lang='lat' dir='ltr'>luisse</span> <span class='ocrx_word' id='word_1_469' title='bbox 602 4571 655 4609; x_wconf 90' lang='lat' dir='ltr'>non</span> <span class='ocrx_word' id='word_1_470' title='bbox 684 4555 819 4611; x_wconf 76' lang='lat' dir='ltr'>l’arrtlinum</span> <span class='ocrx_word' id='word_1_471' title='bbox 844 4558 918 4612; x_wconf 91' lang='lat' dir='ltr'>illum</span> <span class='ocrx_word' id='word_1_472' title='bbox 972 4554 1489 4625; x_wconf 79' lang='lat' dir='ltr'>orritcl.lluinart.SeueriSulpiciitoco</span> <span class='ocrx_word' id='word_1_473' title='bbox 1505 4551 1613 4618; x_wconf 72' lang='grc'><strong>1111115,</strong></span> <span class='ocrx_word' id='word_1_474' title='bbox 1629 4556 1759 4609; x_wconf 56' lang='grc'><strong>11111111-</strong></span> 
     </span>
     <span class='ocr_line' id='line_1_43' title="bbox 174 4609 1759 4695; baseline 0 -19"><span class='ocrx_word' id='word_1_475' title='bbox 174 4609 309 4691; x_wconf 54' lang='lat' dir='ltr'>lltitauum,</span> <span class='ocrx_word' id='word_1_476' title='bbox 328 4625 670 4695; x_wconf 79' lang='lat' dir='ltr'>posrsslioiaeepiseopunr,</span> <span class='ocrx_word' id='word_1_477' title='bbox 685 4627 727 4677; x_wconf 82' lang='lat' dir='ltr'>rui</span> <span class='ocrx_word' id='word_1_478' title='bbox 741 4629 845 4681; x_wconf 78' lang='lat' dir='ltr'>virebat</span> <span class='ocrx_word' id='word_1_479' title='bbox 855 4628 920 4681; x_wconf 80' lang='lat' dir='ltr'>liar·</span> <span class='ocrx_word' id='word_1_480' title='bbox 971 4628 1109 4681; x_wconf 78' lang='lat' dir='ltr'>nominans</span> <span class='ocrx_word' id='word_1_481' title='bbox 1124 4640 1236 4681; x_wconf 78' lang='lat' dir='ltr'>irroretur</span> <span class='ocrx_word' id='word_1_482' title='bbox 1250 4638 1278 4679; x_wconf 85' lang='lat' dir='ltr'>at</span> <span class='ocrx_word' id='word_1_483' title='bbox 1291 4624 1431 4679; x_wconf 81' lang='lat' dir='ltr'>Paulinum</span> <span class='ocrx_word' id='word_1_484' title='bbox 1452 4622 1582 4678; x_wconf 79' lang='lat' dir='ltr'>Nolanum</span> <span class='ocrx_word' id='word_1_485' title='bbox 1597 4628 1672 4677; x_wconf 79' lang='lat' dir='ltr'>odrae</span> <span class='ocrx_word' id='word_1_486' title='bbox 1686 4627 1759 4695; x_wconf 80' lang='lat' dir='ltr'>eique</span> 
     </span>
     <span class='ocr_line' id='line_1_44' title="bbox 173 4644 1759 4771; baseline 0.002 -24"><span class='ocrx_word' id='word_1_487' title='bbox 173 4686 292 4771; x_wconf 58' lang='lat' dir='ltr'>ilicum,</span> <span class='ocrx_word' id='word_1_488' title='bbox 313 4694 362 4749; x_wconf 89' lang='lat' dir='ltr'>sed</span> <span class='ocrx_word' id='word_1_489' title='bbox 376 4694 513 4750; x_wconf 85' lang='lat' dir='ltr'>Paulinum</span> <span class='ocrx_word' id='word_1_490' title='bbox 528 4696 671 4763; x_wconf 84' lang='lat' dir='ltr'>ouerndanr</span> <span class='ocrx_word' id='word_1_491' title='bbox 688 4644 919 4751; x_wconf 53' lang='lat' dir='ltr'>brenemensem</span> <span class='ocrx_word' id='word_1_492' title='bbox 970 4706 1075 4751; x_wconf 83' lang='lat' dir='ltr'>narrata</span> <span class='ocrx_word' id='word_1_493' title='bbox 1085 4698 1262 4757; x_wconf 83' lang='lat' dir='ltr'>communicet,</span> <span class='ocrx_word' id='word_1_494' title='bbox 1284 4705 1312 4748; x_wconf 89' lang='lat' dir='ltr'>nt</span> <span class='ocrx_word' id='word_1_495' title='bbox 1324 4698 1388 4747; x_wconf 83' lang='lat' dir='ltr'>sieut</span> <span class='ocrx_word' id='word_1_496' title='bbox 1401 4698 1456 4760; x_wconf 65' lang='lat' dir='ltr'>⁴ianr</span> <span class='ocrx_word' id='word_1_497' title='bbox 1470 4695 1502 4747; x_wconf 86' lang='lat' dir='ltr'>de</span> <span class='ocrx_word' id='word_1_498' title='bbox 1516 4695 1601 4760; x_wconf 83' lang='lat' dir='ltr'>priore</span> <span class='ocrx_word' id='word_1_499' title='bbox 1622 4695 1708 4749; x_wconf 76' lang='lat' dir='ltr'>libello</span> <span class='ocrx_word' id='word_1_500' title='bbox 1721 4699 1759 4766; x_wconf 76' lang='lat' dir='ltr'>[e-</span> 
     </span>
     <span class='ocr_line' id='line_1_45' title="bbox 172 4750 1757 4834; baseline 0.004 -21"><span class='ocrx_word' id='word_1_501' title='bbox 172 4750 320 4818; x_wconf 74' lang='lat' dir='ltr'>iPelttcordie</span> <span class='ocrx_word' id='word_1_502' title='bbox 336 4776 426 4819; x_wconf 89' lang='lat' dir='ltr'>autem</span> <span class='ocrx_word' id='word_1_503' title='bbox 449 4767 555 4820; x_wconf 88' lang='lat' dir='ltr'>nomine</span> <span class='ocrx_word' id='word_1_504' title='bbox 572 4764 693 4818; x_wconf 76' lang='lat' dir='ltr'>Vesunna</span> <span class='ocrx_word' id='word_1_505' title='bbox 714 4765 808 4819; x_wconf 80' lang='lat' dir='ltr'>ciuitas</span> <span class='ocrx_word' id='word_1_506' title='bbox 829 4767 920 4820; x_wconf 86' lang='lat' dir='ltr'>Petro·</span> <span class='ocrx_word' id='word_1_507' title='bbox 956 4777 1050 4832; x_wconf 72' lang='lat' dir='ltr'>reret,</span> <span class='ocrx_word' id='word_1_508' title='bbox 1064 4776 1088 4819; x_wconf 85' lang='lat' dir='ltr'>et</span> <span class='ocrx_word' id='word_1_509' title='bbox 1102 4767 1167 4819; x_wconf 81' lang='lat' dir='ltr'>elios</span> <span class='ocrx_word' id='word_1_510' title='bbox 1188 4769 1266 4818; x_wconf 85' lang='lat' dir='ltr'>etiam</span> <span class='ocrx_word' id='word_1_511' title='bbox 1281 4781 1324 4830; x_wconf 85' lang='lat' dir='ltr'>per</span> <span class='ocrx_word' id='word_1_512' title='bbox 1339 4763 1440 4817; x_wconf 85' lang='lat' dir='ltr'>ltalionr</span> <span class='ocrx_word' id='word_1_513' title='bbox 1455 4773 1478 4818; x_wconf 90' lang='lat' dir='ltr'>et</span> <span class='ocrx_word' id='word_1_514' title='bbox 1491 4761 1527 4817; x_wconf 84' lang='grc'>111</span> <span class='ocrx_word' id='word_1_515' title='bbox 1547 4767 1627 4818; x_wconf 87' lang='lat' dir='ltr'>riruos</span> <span class='ocrx_word' id='word_1_516' title='bbox 1642 4767 1757 4834; x_wconf 69' lang='lat' dir='ltr'>dicatqu-</span> 
     </span>
     <span class='ocr_line' id='line_1_46' title="bbox 172 4782 1758 4905; baseline 0.005 -23"><span class='ocrx_word' id='word_1_517' title='bbox 172 4826 408 4897; x_wconf 74' lang='lat' dir='ltr'>lttiensiumreoit,</span> <span class='ocrx_word' id='word_1_518' title='bbox 431 4837 509 4900; x_wconf 82' lang='lat' dir='ltr'>vulgo</span> <span class='ocrx_word' id='word_1_519' title='bbox 537 4834 693 4905; x_wconf 72' lang='lat' dir='ltr'>Peripteros)</span> <span class='ocrx_word' id='word_1_520' title='bbox 715 4838 783 4888; x_wconf 86' lang='lat' dir='ltr'>inter</span> <span class='ocrx_word' id='word_1_521' title='bbox 808 4848 920 4889; x_wconf 69' lang='lat' dir='ltr'>caeteros</span> <span class='ocrx_word' id='word_1_522' title='bbox 971 4847 1018 4893; x_wconf 88' lang='lat' dir='ltr'>ret.</span> <span class='ocrx_word' id='word_1_523' title='bbox 1035 4837 1104 4891; x_wconf 88' lang='lat' dir='ltr'>idem</span> <span class='ocrx_word' id='word_1_524' title='bbox 1118 4834 1236 4903; x_wconf 84' lang='lat' dir='ltr'>Gregorii</span> <span class='ocrx_word' id='word_1_525' title='bbox 1252 4850 1327 4888; x_wconf 89' lang='lat' dir='ltr'>error</span> <span class='ocrx_word' id='word_1_526' title='bbox 1347 4834 1453 4889; x_wconf 86' lang='lat' dir='ltr'>ridetur</span> <span class='ocrx_word' id='word_1_527' title='bbox 1469 4782 1673 4893; x_wconf 48' lang='lat' dir='ltr'>iriessortunato</span> <span class='ocrx_word' id='word_1_528' title='bbox 1696 4826 1758 4891; x_wconf 81' lang='lat' dir='ltr'>esse</span> 
     </span>
     <span class='ocr_line' id='line_1_47' title="bbox 169 4901 1760 4976; baseline 0.006 -26"><span class='ocrx_word' id='word_1_529' title='bbox 169 4901 255 4956; x_wconf 69' lang='lat' dir='ltr'>suadit</span> <span class='ocrx_word' id='word_1_530' title='bbox 267 4914 293 4957; x_wconf 91' lang='lat' dir='ltr'>et</span> <span class='ocrx_word' id='word_1_531' title='bbox 305 4905 405 4957; x_wconf 76' lang='lat' dir='ltr'>evincit</span> <span class='ocrx_word' id='word_1_532' title='bbox 415 4907 448 4958; x_wconf 89' lang='lat' dir='ltr'>ri.</span> <span class='ocrx_word' id='word_1_533' title='bbox 460 4905 571 4958; x_wconf 83' lang='lat' dir='ltr'>Ruinart</span> <span class='ocrx_word' id='word_1_534' title='bbox 584 4905 610 4956; x_wconf 91' lang='lat' dir='ltr'>in</span> <span class='ocrx_word' id='word_1_535' title='bbox 624 4915 695 4957; x_wconf 76' lang='lat' dir='ltr'>notis</span> <span class='ocrx_word' id='word_1_536' title='bbox 704 4905 737 4957; x_wconf 85' lang='lat' dir='ltr'>ad</span> <span class='ocrx_word' id='word_1_537' title='bbox 750 4904 830 4972; x_wconf 86' lang='lat' dir='ltr'>Greg.</span> <span class='ocrx_word' id='word_1_538' title='bbox 842 4904 918 4965; x_wconf 70' lang='lat' dir='ltr'>Tur..</span> <span class='ocrx_word' id='word_1_539' title='bbox 971 4906 1120 4960; x_wconf 82' lang='lat' dir='ltr'>rornuruuis</span> <span class='ocrx_word' id='word_1_540' title='bbox 1135 4919 1168 4959; x_wconf 82' lang='lat' dir='ltr'>et</span> <span class='ocrx_word' id='word_1_541' title='bbox 1197 4907 1231 4958; x_wconf 91' lang='lat' dir='ltr'>iis</span> <span class='ocrx_word' id='word_1_542' title='bbox 1241 4905 1311 4959; x_wconf 88' lang='lat' dir='ltr'>notis</span> <span class='ocrx_word' id='word_1_543' title='bbox 1325 4904 1427 4958; x_wconf 89' lang='lat' dir='ltr'>scilicet</span> <span class='ocrx_word' id='word_1_544' title='bbox 1447 4915 1475 4959; x_wconf 91' lang='lat' dir='ltr'>et</span> <span class='ocrx_word' id='word_1_545' title='bbox 1488 4905 1688 4961; x_wconf 76' lang='lat' dir='ltr'>characteribus</span> <span class='ocrx_word' id='word_1_546' title='bbox 1699 4911 1760 4976; x_wconf 77' lang='lat' dir='ltr'>orti·</span> 
     </span>
     <span class='ocr_line' id='line_1_48' title="bbox 169 4966 1757 5045; baseline 0.005 -24"><span class='ocrx_word' id='word_1_547' title='bbox 169 4966 244 5040; x_wconf 62' lang='grc'><strong>(11.1,</strong></span> <span class='ocrx_word' id='word_1_548' title='bbox 258 4973 303 5028; x_wconf 90' lang='lat' dir='ltr'>lib.</span> <span class='ocrx_word' id='word_1_549' title='bbox 324 4989 345 5039; x_wconf 89' lang='lat' dir='ltr'>t,</span> <span class='ocrx_word' id='word_1_550' title='bbox 359 4973 394 5028; x_wconf 86' lang='lat' dir='ltr'>de</span> <span class='ocrx_word' id='word_1_551' title='bbox 409 4974 468 5028; x_wconf 86' lang='lat' dir='ltr'>ilir.</span> <span class='ocrx_word' id='word_1_552' title='bbox 482 4977 512 5028; x_wconf 85' lang='lat' dir='ltr'>S.</span> <span class='ocrx_word' id='word_1_553' title='bbox 529 4974 643 5028; x_wconf 67' lang='lat' dir='ltr'>Martini.</span> <span class='ocrx_word' id='word_1_554' title='bbox 661 4976 722 5026; x_wconf 77' lang='lat' dir='ltr'>lime</span> <span class='ocrx_word' id='word_1_555' title='bbox 747 4990 809 5027; x_wconf 88' lang='lat' dir='ltr'>reru</span> <span class='ocrx_word' id='word_1_556' title='bbox 821 4976 920 5040; x_wconf 90' lang='lat' dir='ltr'>prolert</span> <span class='ocrx_word' id='word_1_557' title='bbox 972 4977 1020 5029; x_wconf 88' lang='lat' dir='ltr'>lnrs</span> <span class='ocrx_word' id='word_1_558' title='bbox 1034 4979 1156 5029; x_wconf 90' lang='lat' dir='ltr'>cumdem</span> <span class='ocrx_word' id='word_1_559' title='bbox 1172 4974 1310 5028; x_wconf 83' lang='lat' dir='ltr'>Paulinum</span> <span class='ocrx_word' id='word_1_560' title='bbox 1327 4974 1452 5028; x_wconf 83' lang='lat' dir='ltr'>illustret.</span> <span class='ocrx_word' id='word_1_561' title='bbox 1469 4975 1522 5030; x_wconf 81' lang='lat' dir='ltr'>Sed</span> <span class='ocrx_word' id='word_1_562' title='bbox 1536 4984 1621 5028; x_wconf 73' lang='lat' dir='ltr'>tomen</span> <span class='ocrx_word' id='word_1_563' title='bbox 1637 4974 1679 5045; x_wconf 84' lang='lat' dir='ltr'>(ot</span> <span class='ocrx_word' id='word_1_564' title='bbox 1692 4975 1757 5030; x_wconf 89' lang='lat' dir='ltr'>sub·</span> 
     </span>
     <span class='ocr_line' id='line_1_49' title="bbox 166 5040 1756 5114; baseline 0.001 -18"><span class='ocrx_word' id='word_1_565' title='bbox 166 5041 247 5114; x_wconf 52' lang='lat' dir='ltr'>tyrsi</span> <span class='ocrx_word' id='word_1_566' title='bbox 260 5057 415 5112; x_wconf 83' lang='lat' dir='ltr'>argurnenta</span> <span class='ocrx_word' id='word_1_567' title='bbox 442 5043 506 5097; x_wconf 84' lang='lat' dir='ltr'>Nam</span> <span class='ocrx_word' id='word_1_568' title='bbox 518 5045 607 5112; x_wconf 89' lang='lat' dir='ltr'>primo</span> <span class='ocrx_word' id='word_1_569' title='bbox 620 5045 641 5095; x_wconf 92' lang='lat' dir='ltr'>is</span> <span class='ocrx_word' id='word_1_570' title='bbox 651 5044 695 5109; x_wconf 79' lang='lat' dir='ltr'>nuri</span> <span class='ocrx_word' id='word_1_571' title='bbox 707 5044 787 5096; x_wconf 66' lang='lat' dir='ltr'>libros¹</span> <span class='ocrx_word' id='word_1_572' title='bbox 797 5059 843 5097; x_wconf 87' lang='lat' dir='ltr'>serr</span> <span class='ocrx_word' id='word_1_573' title='bbox 854 5045 919 5097; x_wconf 87' lang='lat' dir='ltr'>seri·</span> <span class='ocrx_word' id='word_1_574' title='bbox 971 5046 1006 5097; x_wconf 87' lang='lat' dir='ltr'>dir</span> <span class='ocrx_word' id='word_1_575' title='bbox 1026 5042 1149 5108; x_wconf 78' lang='lat' dir='ltr'>Ruinart)</span> <span class='ocrx_word' id='word_1_576' title='bbox 1170 5058 1228 5096; x_wconf 87' lang='lat' dir='ltr'>com</span> <span class='ocrx_word' id='word_1_577' title='bbox 1252 5042 1283 5097; x_wconf 91' lang='lat' dir='ltr'>S.</span> <span class='ocrx_word' id='word_1_578' title='bbox 1304 5040 1432 5098; x_wconf 81' lang='lat' dir='ltr'>Pontinas</span> <span class='ocrx_word' id='word_1_579' title='bbox 1457 5044 1531 5104; x_wconf 85' lang='lat' dir='ltr'>niara</span> <span class='ocrx_word' id='word_1_580' title='bbox 1552 5047 1645 5109; x_wconf 78' lang='lat' dir='ltr'>passini</span> <span class='ocrx_word' id='word_1_581' title='bbox 1668 5046 1700 5100; x_wconf 83' lang='lat' dir='ltr'>de</span> <span class='ocrx_word' id='word_1_582' title='bbox 1723 5044 1756 5099; x_wconf 85' lang='lat' dir='ltr'>S.</span> 
     </span>
     <span class='ocr_line' id='line_1_50' title="bbox 164 5107 1759 5183; baseline -0.001 -17"><span class='ocrx_word' id='word_1_583' title='bbox 164 5107 241 5166; x_wconf 65' lang='lat' dir='ltr'>uitus</span> <span class='ocrx_word' id='word_1_584' title='bbox 251 5112 390 5166; x_wconf 82' lang='lat' dir='ltr'>rtrmrtuns</span> <span class='ocrx_word' id='word_1_585' title='bbox 403 5112 432 5168; x_wconf 86' lang='lat' dir='ltr'>S.</span> <span class='ocrx_word' id='word_1_586' title='bbox 449 5114 553 5168; x_wconf 83' lang='lat' dir='ltr'>ilartini</span> <span class='ocrx_word' id='word_1_587' title='bbox 576 5114 761 5166; x_wconf 86' lang='lat' dir='ltr'>lliracuturunr</span> <span class='ocrx_word' id='word_1_588' title='bbox 773 5112 920 5167; x_wconf 88' lang='lat' dir='ltr'>indiculum</span> <span class='ocrx_word' id='word_1_589' title='bbox 972 5114 1078 5167; x_wconf 76' lang='lat' dir='ltr'>Martini</span> <span class='ocrx_word' id='word_1_590' title='bbox 1092 5113 1210 5167; x_wconf 84' lang='lat' dir='ltr'>laudibus</span> <span class='ocrx_word' id='word_1_591' title='bbox 1225 5114 1365 5183; x_wconf 82' lang='lat' dir='ltr'>scripserit,</span> <span class='ocrx_word' id='word_1_592' title='bbox 1381 5117 1430 5167; x_wconf 81' lang='lat' dir='ltr'>irae</span> <span class='ocrx_word' id='word_1_593' title='bbox 1443 5112 1580 5166; x_wconf 80' lang='lat' dir='ltr'>Fortunati</span> <span class='ocrx_word' id='word_1_594' title='bbox 1593 5114 1665 5166; x_wconf 83' lang='lat' dir='ltr'>uerbo</span> <span class='ocrx_word' id='word_1_595' title='bbox 1687 5128 1759 5166; x_wconf 86' lang='lat' dir='ltr'>reeo-</span> 
     </span>
     <span class='ocr_line' id='line_1_51' title="bbox 163 5181 1755 5251; baseline 0.003 -21"><span class='ocrx_word' id='word_1_596' title='bbox 163 5182 321 5247; x_wconf 74' lang='lat' dir='ltr'>ttaeeepisse</span> <span class='ocrx_word' id='word_1_597' title='bbox 336 5197 391 5247; x_wconf 78' lang='lat' dir='ltr'>prm</span> <span class='ocrx_word' id='word_1_598' title='bbox 406 5197 434 5236; x_wconf 89' lang='lat' dir='ltr'>se</span> <span class='ocrx_word' id='word_1_599' title='bbox 450 5184 501 5237; x_wconf 87' lang='lat' dir='ltr'>lert</span> <span class='ocrx_word' id='word_1_600' title='bbox 523 5198 539 5235; x_wconf 88' lang='lat' dir='ltr'>a</span> <span class='ocrx_word' id='word_1_601' title='bbox 562 5182 854 5250; x_wconf 77' lang='lat' dir='ltr'>Perpetuo,episropo</span> <span class='ocrx_word' id='word_1_602' title='bbox 867 5183 920 5237; x_wconf 84' lang='lat' dir='ltr'>&#39;l&#39;u-</span> <span class='ocrx_word' id='word_1_603' title='bbox 970 5186 1151 5250; x_wconf 85' lang='lat' dir='ltr'>curiporrrou.</span> <span class='ocrx_word' id='word_1_604' title='bbox 1181 5183 1285 5237; x_wconf 79' lang='lat' dir='ltr'>videet</span> <span class='ocrx_word' id='word_1_605' title='bbox 1299 5195 1375 5238; x_wconf 86' lang='lat' dir='ltr'>trotas</span> <span class='ocrx_word' id='word_1_606' title='bbox 1394 5183 1571 5238; x_wconf 88' lang='lat' dir='ltr'>Sirrnondiad</span> <span class='ocrx_word' id='word_1_607' title='bbox 1593 5198 1637 5251; x_wconf 87' lang='lat' dir='ltr'>ep.</span> <span class='ocrx_word' id='word_1_608' title='bbox 1660 5184 1690 5238; x_wconf 90' lang='lat' dir='ltr'>tt</span> <span class='ocrx_word' id='word_1_609' title='bbox 1706 5181 1755 5237; x_wconf 88' lang='lat' dir='ltr'>lib.</span> 
     </span>
     <span class='ocr_line' id='line_1_52' title="bbox 160 5251 1236 5322; baseline 0.007 -20"><span class='ocrx_word' id='word_1_610' title='bbox 160 5255 216 5308; x_wconf 68' lang='grc' dir='ltr'>Μ..</span> <span class='ocrx_word' id='word_1_611' title='bbox 228 5264 340 5319; x_wconf 74' lang='lat' dir='ltr'>murrone</span> <span class='ocrx_word' id='word_1_612' title='bbox 353 5252 442 5306; x_wconf 82' lang='lat' dir='ltr'>laudnt</span> <span class='ocrx_word' id='word_1_613' title='bbox 457 5252 534 5305; x_wconf 88' lang='lat' dir='ltr'>initio</span> <span class='ocrx_word' id='word_1_614' title='bbox 553 5263 581 5306; x_wconf 88' lang='lat' dir='ltr'>et</span> <span class='ocrx_word' id='word_1_615' title='bbox 604 5251 656 5304; x_wconf 89' lang='lat' dir='ltr'>line</span> <span class='ocrx_word' id='word_1_616' title='bbox 671 5252 728 5304; x_wconf 92' lang='lat' dir='ltr'>libri</span> <span class='ocrx_word' id='word_1_617' title='bbox 742 5255 822 5314; x_wconf 85' lang='lat' dir='ltr'>serti,</span> <span class='ocrx_word' id='word_1_618' title='bbox 847 5254 918 5322; x_wconf 79' lang='lat' dir='ltr'>quod</span> <span class='ocrx_word' id='word_1_619' title='bbox 970 5269 1018 5307; x_wconf 87' lang='lat' dir='ltr'>rrn</span> <span class='ocrx_word' id='word_1_620' title='bbox 1032 5253 1134 5308; x_wconf 80' lang='lat' dir='ltr'>Sidonii</span> <span class='ocrx_word' id='word_1_621' title='bbox 1149 5253 1236 5318; x_wconf 76' lang='lat' dir='ltr'>Apoll.</span> 
     </span>
     <span class='ocr_line' id='line_1_53' title="bbox 156 5319 1531 5391; baseline 0.004 -23"><span class='ocrx_word' id='word_1_622' title='bbox 156 5323 217 5368; x_wconf 77' lang='lat' dir='ltr'>tetta</span> <span class='ocrx_word' id='word_1_623' title='bbox 228 5319 351 5374; x_wconf 66' lang='lat' dir='ltr'>mirantia</span> <span class='ocrx_word' id='word_1_624' title='bbox 361 5324 486 5391; x_wconf 79' lang='lat' dir='ltr'>ornniooe</span> <span class='ocrx_word' id='word_1_625' title='bbox 496 5322 575 5390; x_wconf 88' lang='lat' dir='ltr'>digna</span> <span class='ocrx_word' id='word_1_626' title='bbox 592 5320 643 5374; x_wconf 90' lang='lat' dir='ltr'>lide</span> <span class='ocrx_word' id='word_1_627' title='bbox 653 5321 703 5375; x_wconf 85' lang='lat' dir='ltr'>sibi</span> <span class='ocrx_word' id='word_1_628' title='bbox 717 5334 862 5377; x_wconf 85' lang='lat' dir='ltr'>rrarrasset.</span> <span class='ocrx_word' id='word_1_629' title='bbox 885 5328 919 5375; x_wconf 83' lang='grc' dir='ltr'>Αι</span> <span class='ocrx_word' id='word_1_630' title='bbox 1004 5323 1127 5376; x_wconf 56' lang='grc'><strong>211101.</strong></span> <span class='ocrx_word' id='word_1_631' title='bbox 1146 5322 1216 5386; x_wconf 79' lang='lat' dir='ltr'>ilat,</span> <span class='ocrx_word' id='word_1_632' title='bbox 1230 5322 1335 5375; x_wconf 83' lang='lat' dir='ltr'>sulcauit</span> <span class='ocrx_word' id='word_1_633' title='bbox 1349 5334 1416 5374; x_wconf 83' lang='lat' dir='ltr'>uetes</span> <span class='ocrx_word' id='word_1_634' title='bbox 1429 5321 1531 5374; x_wconf 79' lang='lat' dir='ltr'>Arotor.</span> 
     </span>
     <span class='ocr_line' id='line_1_54' title="bbox 154 5379 1362 5459; baseline 0.002 -18"><span class='ocrx_word' id='word_1_635' title='bbox 154 5379 286 5452; x_wconf 64' lang='lat' dir='ltr'>Pvpctuus</span> <span class='ocrx_word' id='word_1_636' title='bbox 310 5402 402 5443; x_wconf 84' lang='lat' dir='ltr'>sertus</span> <span class='ocrx_word' id='word_1_637' title='bbox 427 5394 474 5445; x_wconf 87' lang='lat' dir='ltr'>init</span> <span class='ocrx_word' id='word_1_638' title='bbox 488 5393 628 5457; x_wconf 83' lang='lat' dir='ltr'>episcopus</span> <span class='ocrx_word' id='word_1_639' title='bbox 652 5392 753 5443; x_wconf 80' lang='grc' dir='ltr'>Τιιιιιιι.</span> <span class='ocrx_word' id='word_1_640' title='bbox 779 5405 810 5444; x_wconf 89' lang='lat' dir='ltr'>ao</span> <span class='ocrx_word' id='word_1_641' title='bbox 825 5392 919 5445; x_wconf 84' lang='lat' dir='ltr'>tertius</span> <span class='ocrx_word' id='word_1_642' title='bbox 1004 5393 1049 5446; x_wconf 82' lang='lat' dir='ltr'>at.</span> <span class='ocrx_word' id='word_1_643' title='bbox 1064 5394 1111 5446; x_wconf 87' lang='lat' dir='ltr'>Ed.</span> <span class='ocrx_word' id='word_1_644' title='bbox 1131 5392 1207 5455; x_wconf 74' lang='lat' dir='ltr'>lien„</span> <span class='ocrx_word' id='word_1_645' title='bbox 1220 5407 1362 5459; x_wconf 80' lang='lat' dir='ltr'>ouosocro.</span> 
     </span>
     <span class='ocr_line' id='line_1_55' title="bbox 149 5456 1758 5528; baseline 0.002 -16"><span class='ocrx_word' id='word_1_646' title='bbox 149 5466 203 5520; x_wconf 70' lang='grc' dir='ltr'>ραι</span> <span class='ocrx_word' id='word_1_647' title='bbox 215 5462 243 5509; x_wconf 64' lang='grc' dir='ltr'>δ’.</span> <span class='ocrx_word' id='word_1_648' title='bbox 259 5460 409 5523; x_wconf 75' lang='grc' dir='ltr'>Ιιιιίιιυιιι,</span> <span class='ocrx_word' id='word_1_649' title='bbox 426 5477 486 5515; x_wconf 88' lang='lat' dir='ltr'>eum</span> <span class='ocrx_word' id='word_1_650' title='bbox 500 5461 667 5528; x_wconf 89' lang='lat' dir='ltr'>interipsum</span> <span class='ocrx_word' id='word_1_651' title='bbox 692 5469 718 5512; x_wconf 88' lang='lat' dir='ltr'>et</span> <span class='ocrx_word' id='word_1_652' title='bbox 731 5456 760 5514; x_wconf 88' lang='lat' dir='ltr'>S.</span> <span class='ocrx_word' id='word_1_653' title='bbox 777 5461 917 5514; x_wconf 77' lang='lat' dir='ltr'>liertinurn</span> <span class='ocrx_word' id='word_1_654' title='bbox 1004 5462 1049 5520; x_wconf 71' lang='lat'>25.</span> <span class='ocrx_word' id='word_1_655' title='bbox 1067 5463 1189 5515; x_wconf 80' lang='lat' dir='ltr'>dicimus.</span> <span class='ocrx_word' id='word_1_656' title='bbox 1203 5461 1321 5514; x_wconf 81' lang='lat' dir='ltr'>Alcimus</span> <span class='ocrx_word' id='word_1_657' title='bbox 1337 5460 1460 5514; x_wconf 79' lang='lat' dir='ltr'>videlicet</span> <span class='ocrx_word' id='word_1_658' title='bbox 1471 5460 1576 5525; x_wconf 76' lang='lat' dir='ltr'>Avitus,</span> <span class='ocrx_word' id='word_1_659' title='bbox 1596 5460 1758 5519; x_wconf 73' lang='lat' dir='ltr'>Viennensis</span> 
     </span>
     <span class='ocr_line' id='line_1_56' title="bbox 148 5523 1755 5602; baseline 0.006 -23"><span class='ocrx_word' id='word_1_660' title='bbox 148 5523 258 5579; x_wconf 56' lang='lat' dir='ltr'>mint</span> <span class='ocrx_word' id='word_1_661' title='bbox 283 5528 399 5582; x_wconf 82' lang='lat' dir='ltr'>ltriceius</span> <span class='ocrx_word' id='word_1_662' title='bbox 414 5544 440 5583; x_wconf 85' lang='lat' dir='ltr'>et</span> <span class='ocrx_word' id='word_1_663' title='bbox 454 5532 622 5594; x_wconf 81' lang='lat' dir='ltr'>Eustoebinr,</span> <span class='ocrx_word' id='word_1_664' title='bbox 647 5545 760 5597; x_wconf 76' lang='lat' dir='ltr'>otiorum</span> <span class='ocrx_word' id='word_1_665' title='bbox 771 5534 837 5584; x_wconf 89' lang='lat' dir='ltr'>atter</span> <span class='ocrx_word' id='word_1_666' title='bbox 849 5531 919 5586; x_wconf 85' lang='lat' dir='ltr'>sedit</span> <span class='ocrx_word' id='word_1_667' title='bbox 969 5533 1120 5599; x_wconf 78' lang='lat' dir='ltr'>episcopos.</span> <span class='ocrx_word' id='word_1_668' title='bbox 1137 5528 1263 5586; x_wconf 87' lang='lat' dir='ltr'>Genesim</span> <span class='ocrx_word' id='word_1_669' title='bbox 1276 5531 1394 5585; x_wconf 87' lang='lat' dir='ltr'>rersiuus</span> <span class='ocrx_word' id='word_1_670' title='bbox 1406 5540 1587 5600; x_wconf 78' lang='lat' dir='ltr'>expresserat,</span> <span class='ocrx_word' id='word_1_671' title='bbox 1598 5547 1679 5602; x_wconf 82' lang='lat' dir='ltr'>quaro</span> <span class='ocrx_word' id='word_1_672' title='bbox 1692 5533 1755 5590; x_wconf 84' lang='lat' dir='ltr'>ride</span> 
     </span>
     <span class='ocr_line' id='line_1_57' title="bbox 143 5597 1308 5670; baseline 0.001 -20"><span class='ocrx_word' id='word_1_673' title='bbox 143 5607 225 5650; x_wconf 72' lang='lat' dir='ltr'>usos</span> <span class='ocrx_word' id='word_1_674' title='bbox 237 5598 281 5662; x_wconf 83' lang='lat' dir='ltr'>tt,</span> <span class='ocrx_word' id='word_1_675' title='bbox 297 5601 364 5653; x_wconf 89' lang='lat' dir='ltr'>alter</span> <span class='ocrx_word' id='word_1_676' title='bbox 377 5600 579 5670; x_wconf 86' lang='lat' dir='ltr'>septemdecim,</span> <span class='ocrx_word' id='word_1_677' title='bbox 603 5600 639 5652; x_wconf 89' lang='lat' dir='ltr'>nri</span> <span class='ocrx_word' id='word_1_678' title='bbox 654 5597 736 5654; x_wconf 75' lang='lat' dir='ltr'>relect</span> <span class='ocrx_word' id='word_1_679' title='bbox 758 5597 836 5666; x_wconf 86' lang='lat' dir='ltr'>Greg.</span> <span class='ocrx_word' id='word_1_680' title='bbox 860 5600 918 5653; x_wconf 79' lang='lat' dir='ltr'>l&#39;u·</span> <span class='ocrx_word' id='word_1_681' title='bbox 970 5611 1035 5656; x_wconf 90' lang='lat' dir='ltr'>tom.</span> <span class='ocrx_word' id='word_1_682' title='bbox 1053 5601 1088 5655; x_wconf 85' lang='lat' dir='ltr'>lli</span> <span class='ocrx_word' id='word_1_683' title='bbox 1105 5600 1174 5654; x_wconf 88' lang='lat' dir='ltr'>llibl.</span> <span class='ocrx_word' id='word_1_684' title='bbox 1189 5599 1308 5653; x_wconf 84' lang='lat' dir='ltr'>l’atrum.</span> 
     </span>
     <span class='ocr_line' id='line_1_58' title="bbox 140 5668 1757 5743; baseline 0.009 -27"><span class='ocrx_word' id='word_1_685' title='bbox 140 5679 198 5717; x_wconf 81' lang='lat' dir='ltr'>roe.</span> <span class='ocrx_word' id='word_1_686' title='bbox 223 5668 269 5720; x_wconf 90' lang='lat' dir='ltr'>lib.</span> <span class='ocrx_word' id='word_1_687' title='bbox 294 5682 310 5719; x_wconf 82' lang='lat' dir='ltr'>r</span> <span class='ocrx_word' id='word_1_688' title='bbox 337 5669 404 5721; x_wconf 85' lang='lat' dir='ltr'>llist.</span> <span class='ocrx_word' id='word_1_689' title='bbox 423 5668 540 5733; x_wconf 61' lang='lat' dir='ltr'>franc,</span> <span class='ocrx_word' id='word_1_690' title='bbox 563 5684 622 5735; x_wconf 83' lang='lat' dir='ltr'>cap.</span> <span class='ocrx_word' id='word_1_691' title='bbox 637 5669 682 5722; x_wconf 79' lang='grc'>51.</span> <span class='ocrx_word' id='word_1_692' title='bbox 706 5668 829 5723; x_wconf 87' lang='lat' dir='ltr'>Sernrrdo</span> <span class='ocrx_word' id='word_1_693' title='bbox 848 5671 916 5724; x_wconf 88' lang='lat' dir='ltr'>idem</span> <span class='ocrx_word' id='word_1_694' title='bbox 1005 5672 1110 5725; x_wconf 66' lang='grc'><strong>1111111.</strong></span> <span class='ocrx_word' id='word_1_695' title='bbox 1127 5669 1401 5736; x_wconf 86' lang='lat' dir='ltr'>llen.,mentisirreps.</span> <span class='ocrx_word' id='word_1_696' title='bbox 1415 5669 1757 5743; x_wconf 75' lang='lat' dir='ltr'>uegestsqnadelorna.</span> 
     </span>
     <span class='ocr_line' id='line_1_59' title="bbox 138 5737 1470 5810; baseline 0.008 -20"><span class='ocrx_word' id='word_1_697' title='bbox 138 5747 232 5790; x_wconf 65' lang='lat' dir='ltr'>aanor</span> <span class='ocrx_word' id='word_1_698' title='bbox 245 5737 383 5791; x_wconf 82' lang='lat' dir='ltr'>Paulinum</span> <span class='ocrx_word' id='word_1_699' title='bbox 406 5739 536 5793; x_wconf 80' lang='lat' dir='ltr'>Nolanum</span> <span class='ocrx_word' id='word_1_700' title='bbox 557 5740 711 5808; x_wconf 81' lang='lat' dir='ltr'>episcopum</span> <span class='ocrx_word' id='word_1_701' title='bbox 731 5752 802 5808; x_wconf 72' lang='lat' dir='ltr'>sepe</span> <span class='ocrx_word' id='word_1_702' title='bbox 817 5739 914 5805; x_wconf 89' lang='lat' dir='ltr'>iaudat,</span> <span class='ocrx_word' id='word_1_703' title='bbox 970 5741 1083 5796; x_wconf 70' lang='lat' dir='ltr'>diximus</span> <span class='ocrx_word' id='word_1_704' title='bbox 1099 5741 1126 5795; x_wconf 92' lang='lat' dir='ltr'>in</span> <span class='ocrx_word' id='word_1_705' title='bbox 1140 5743 1198 5810; x_wconf 72' lang='lat' dir='ltr'>ejus</span> <span class='ocrx_word' id='word_1_706' title='bbox 1213 5739 1282 5808; x_wconf 73' lang='lat' dir='ltr'>trra,</span> <span class='ocrx_word' id='word_1_707' title='bbox 1298 5757 1325 5795; x_wconf 88' lang='lat' dir='ltr'>n.</span> <span class='ocrx_word' id='word_1_708' title='bbox 1342 5742 1375 5797; x_wconf 82' lang='lat' dir='ltr'>te</span> <span class='ocrx_word' id='word_1_709' title='bbox 1388 5751 1415 5797; x_wconf 78' lang='lat' dir='ltr'>st</span> <span class='ocrx_word' id='word_1_710' title='bbox 1429 5743 1470 5800; x_wconf 76' lang='lat' dir='ltr'>i‘d.</span> 
     </span>
    </p>
   </div>
   <div class='ocr_carea' id='block_1_16' title="bbox 0 0 1910 6128">
    <p class='ocr_par' dir='ltr' id='par_1_17' title="bbox 0 0 1910 6128">
     <span class='ocr_line' id='line_1_60' title="bbox 0 0 1910 6128; baseline 0 3"><span class='ocrx_word' id='word_1_711' title='bbox 0 0 1910 6128; x_wconf 95' lang='lat' dir='ltr'> </span> 
     </span>
    </p>
   </div>
  </div>
 </body>
</html>
