3810 6128
794 255 1046 313 scinttttnttttit
1066 245 1178 311 tideo.
1432 260 1435 265 '
1731 245 1783 304 686

455 370 569 428 ceput
581 369 646 426 Llll.
959 381 984 437 Α
1031 368 1144 424 Animus
1157 365 1289 437 gaudens,
1310 373 1418 422 etatem
1432 363 1556 422 lloridam
1570 364 1653 422 lacit:
1671 364 1782 437 spiritns

457 462 497 517 De
510 462 642 518 conuiuiis.
998 470 1062 513 uero
1076 457 1159 512 tristis
1170 458 1290 514 exsiccat
1302 472 1362 514 ossa
1377 456 1468 527 (Pron.
1483 457 1559 527 ruiti.

224 609 226 612 Α
481 569 617 612 cgmswg.
1033 544 1112 601 llisus
1126 545 1222 602 dolore
1236 546 1403 615 miscebitur,
1418 557 1446 603 et
1459 555 1580 604 extrema
1594 545 1686 618 gaudii
1697 545 1785 604 luctus
1817 573 1822 583 ·

192 650 261 708 Cam
284 646 350 705 iacis
372 647 540 713 conuitium.
564 661 632 703 roca
654 659 802 717 pauperet,
827 644 946 710 debiles,
997 638 1141 710 occupabit
1155 637 1245 711 (Pron.
1262 640 1329 712 xiv).

146 741 279 804 claudos,
289 753 376 796 oecoe
390 755 397 794 :
409 747 436 793 et
445 743 540 793 beatus
549 736 612 802 cris,
625 735 688 807 quia
698 749 753 791 noo
763 734 865 790 habent
876 732 947 789 unde
1034 729 1113 798 Quasi
1126 746 1176 802 per
1189 731 1273 788 risum
1288 732 1389 789 stultus
1402 740 1532 804 operatur
1541 733 1629 790 scelus
1639 732 1732 805 (Prot.
1743 734 1785 793 xl.

148 831 309 888 retribuant
322 827 370 884 tibi
385 825 459 895 (tm.
475 825 544 896 ιιι).
1033 822 1135 888 Quarit
1148 822 1253 879 derisor
1274 825 1446 895 sapientiam,
1468 832 1495 879 et
1517 840 1571 880 non
1591 824 1712 881 intendi:
1737 825 1787 881 do-

87 941 99 949 ·
193 920 388 978 neuuommr
401 917 473 974 enim
484 917 533 973 tibi
542 916 575 994 in
589 915 789 973 resurrectione
800 916 947 985 iustorum.
998 911 1086 969 ctrina
1096 911 1257 983 prudentum
1267 913 1354 970 facilis
1365 914 1456 986 (Pron.
1469 915 1535 985 ιιι).

499 1022 610 1066 rautut.
1036 1000 1134 1058 Parata
1154 1010 1218 1060 tunt
1232 1004 1397 1063 derisoribus
1418 1005 1530 1076 judicia,
1544 1014 1572 1062 et
1587 1006 1676 1064 mallei
1691 1020 1788 1078 percu·

193 1101 259 1159 Siue
271 1114 336 1171 ergo
349 1099 526 1167 manducatis,
540 1099 597 1156 tire
609 1097 711 1163 bibitis,
726 1097 783 1152 sive
798 1094 871 1152 aliud
884 1093 954 1165 onio
1000 1092 1099 1150 tientes
1112 1093 1257 1150 stultorum
1272 1110 1386 1164 corpora
1400 1095 1492 1168 (Pron.
1508 1098 1578 1169 ιιι).

148 1195 277 1264 (aciatis,
291 1194 382 1252 omnia
395 1193 547 1264 ingloriam
560 1191 608 1248 llei
620 1190 701 1248 tacite
714 1188 755 1260 (Η
770 1187 833 1244 dor.
847 1185 889 1258 ι).
1294 1201 1369 1242 nesus
1380 1201 1483 1243 etnacu.

492 1297 624 1339 ιιιοιιοιι.
1035 1276 1137 1335 Fatuus
1149 1277 1177 1335 in
1190 1279 1244 1334 risu
1255 1279 1358 1334 exaltat
1370 1293 1465 1336 nocem
1477 1294 1553 1336 tuam
1565 1298 1573 1334 ι
1590 1297 1629 1337 ιιι
1641 1289 1731 1339 autem
1744 1298 1788 1338 ea·

195 1373 293 1432 Ueliae
306 1382 348 1431 est
361 1373 452 1430 vocari
465 1372 501 1429 ad
518 1372 594 1430 olera
609 1385 670 1428 cum
685 1369 795 1442 gaudio,
813 1380 896 1437 quam
916 1363 950 1418 etl
1000 1370 1077 1443 pleon
1089 1371 1134 1427 nix
1148 1369 1228 1439 tacite
1242 1370 1339 1428 ridebit
1352 1370 1466 1441 (meta.
1482 1372 1591 1442 ιιιιιι).

149 1468 275 1526 vitutum
285 1466 511 1539 eagioatumeum
526 1465 764 1538 odiolPrmmrl.
1311 1474 1482 1517 auoosrrnun

195 1556 259 1614 Noli
274 1556 368 1612 aridus
378 1569 439 1613 eece
450 1556 478 1610 in
491 1554 564 1612 omni
577 1553 741 1626 epulatione,
755 1558 784 1608 et
797 1567 852 1609 non
868 1556 895 1607 te
909 1548 949 1604 ei·
1036 1549 1141 1608 latitia
1156 1551 1247 1608 emuli
1262 1552 1379 1618 vanitas,
1394 1567 1457 1610 urm
1472 1566 1570 1623 magna
1588 1553 1792 1625 exspectatione

150 1647 352 1718 tundateuper
365 1661 474 1704 emnem
486 1660 578 1702 escam
592 1643 704 1718 (Ecolea.
718 1642 833 1716 xxxm).
1001 1650 1126 1712 speratur
1149 1650 1179 1697 ut
1200 1641 1302 1709 ueniat,
1328 1649 1356 1696 et
1370 1655 1425 1698 non
1447 1648 1539 1713 potent
1559 1642 1644 1700 teneri
1663 1656 1726 1698 cum
1743 1656 1792 1699 re·

196 1738 230 1797 ln
251 1739 343 1797 multia
356 1739 428 1797 enim
450 1739 522 1797 escis
540 1739 593 1796 erit
613 1737 766 1806 infirmitas,
786 1744 815 1794 et
836 1735 951 1792 aviditas
967 1724 988 1786 Β
1002 1730 1082 1788 nerit.
1594 1811 1597 1818 Ι

155 1828 389 1902 appropinquabit
400 1843 488 1900 mque
499 1828 534 1884 ad
548 1827 686 1885 choleram
701 1827 807 1900 (ptem).
1035 1818 1132 1876 llelior
1147 1827 1191 1876 est
1210 1818 1317 1875 tristitia
1331 1818 1424 1892 iniqua
1443 1819 1583 1890 patieutis,
1598 1834 1680 1891 quiam
1700 1820 1792 1878 letitia

198 1920 287 1992 Super
298 1934 419 1978 mensam
432 1935 488 1977 non
502 1920 634 1977 extendas
655 1934 764 1976 manum
778 1917 950 1990 laempdon,
1003 1911 1094 1982 iniqua
1108 1911 1242 1969 lactentis.

152 2024 196 2067 ne
210 2009 521 2068 incimmemmaum
533 2010 682 2067 omnesne
695 2010 808 2083 (eccos.
822 2015 911 2081 ιω).
941 2018 944 2030 ·
1038 2002 1134 2060 llelior
1146 2010 1188 2059 est
1202 2004 1241 2059 ira
1259 2004 1326 2069 risu,
1342 2005 1405 2075 quta
1420 2017 1471 2075 per
1485 2005 1567 2060 risum
1582 2003 1657 2062 uotu
1675 2016 1793 2076 operm·

194 2100 228 2159 st
240 2103 270 2160 lu
282 2102 371 2158 medio
385 2102 472 2169 cedet,
488 2111 516 2158 tu
528 2103 605 2175 prior
617 2101 670 2159 illis
684 2118 738 2159 non
749 2100 881 2161 extendat
892 2112 951 2157 na·
1003 2105 1048 2152 tar
1061 2097 1160 2153 smirne.

153 2206 229 2248 num
244 2200 328 2260 tuam,
342 2205 393 2247 nec
404 2191 584 2264 priorponcas
599 2192 693 2250 bibere
706 2191 810 2265 (loidi.
903 2228 906 2233 -
1309 2203 1486 2246 arenearum.

192 2280 225 2337 st
240 2289 352 2337 coactus
363 2280 445 2337 lucris
457 2282 482 2336 in
496 2281 604 2338 edendo
619 2282 741 2349 inultum,
757 2279 884 2350 surgede
895 2293 953 2338 me·
1039 2278 1087 2336 Vir
1106 2280 1216 2351 capiens
1240 2279 1374 2349 gravitate
1395 2293 1503 2336 morum
1521 2278 1672 2338 hilaritates
1697 2279 1795 2337 leontis

149 2371 205 2428 dio
219 2378 250 2427 et
264 2384 353 2436 roone,
372 2378 400 2428 et
413 2369 584 2439 refrigerabit
598 2379 635 2438 te,
648 2378 676 2426 ct
695 2385 749 2426 uon
762 2368 880 2426 adducet
891 2382 953 2424 cor·
1005 2380 1148 2445 temperat.

146 2463 221 2534 pori
238 2470 286 2518 tuo
297 2461 477 2518 inormitatem
491 2460 598 2536 (loidi.
1039 2464 1069 2519 Si
1084 2464 1198 2521 felicitas
1213 2463 1330 2532 elucent,
1348 2479 1403 2520 non
1424 2465 1596 2535 sitientium
1617 2465 1641 2521 ei
1655 2463 1796 2520 calamitae

192 2548 227 2606 ln
242 2548 366 2605 convivio
378 2548 431 2603 vini
447 2564 502 2604 noa
514 2563 610 2619 arguas
618 2549 779 2621 proximum,
791 2556 819 2604 et
835 2564 889 2605 oon
901 2547 953 2604 de·
1003 2557 1157 2626 contigerit,
1170 2557 1350 2628 pusillanimi,
1365 2573 1418 2616 110„
1433 2559 1545 2615 exigas,

143 2642 264 2713 spiciam
275 2656 336 2696 eum
351 2641 378 2696 in
389 2639 559 2711 jocunditate
573 2641 646 2698 illins
662 2641 775 2714 (Euclea.
790 2640 879 2712 ιιιι).
1040 2648 1091 2718 Qui
1102 2651 1260 2708 temerarius
1270 2651 1344 2707 estin
1353 2650 1589 2722 letitimperenms
1599 2652 1652 2708 erit
1661 2651 1689 2708 in
1703 2662 1796 2723 poena.

194 2733 248 2790 Vir
269 2733 415 2805 respiciens
435 2733 463 2792 in
482 2749 602 2790 mensam
617 2733 745 2805 alienam,
768 2750 821 2791 non
836 2744 879 2791 eet
897 2734 953 2791 rita
1322 2756 1478 2800 ciaconius.

135 2828 218 2897 ejne
232 2827 262 2882 in
280 2827 444 2897 cogitatione
464 2827 554 2883 victua
570 2846 575 2882 :
597 2827 645 2883 alit
658 2827 730 2883 enim
743 2825 861 2883 animam
877 2842 953 2883 enam
1040 2829 1187 2891 Praesentia
1199 2832 1294 2907 gaudia
1306 2843 1457 2904 nouantur
1471 2843 1602 2905 perpetua
1617 2834 1746 2891 lamenta.

136 2922 228 2979 cibit
244 2919 339 2977 alienis
353 2919 464 2992 (Erotes.
482 2925 537 2991 ιι).
1040 2925 1125 2982 Nemo
1146 2926 1247 2983 etenim
1260 2933 1351 2998 potent
1366 2935 1394 2981 et
1407 2925 1452 2981 liic
1466 2926 1584 2996 gaudere
1596 2940 1659 2983 cum
1674 2924 1794 3014 cuculo,

472 3030 647 3071 ιιιιοιιιιιυι.
1006 3023 1035 3071 et
1046 3015 1102 3072 illic
1116 3028 1231 3085 regnare
1248 3030 1309 3071 cum
1325 3015 1450 3071 Domino.

196 3105 241 3162 ed
252 3106 405 3164 conuiuium
419 3106 569 3177 peccatoris
586 3113 708 3177 rogatae,
722 3107 756 3162 ad
776 3107 828 3162 hoc
847 3071 991 3162 amltniaC
1042 3107 1073 3163 si
1094 3121 1146 3179 qua
1170 3114 1213 3164 eet
1235 3106 1377 3179 praecentio
1402 3106 1534 3177 temporis
1561 3106 1668 3172 laetitia,
1694 3109 1732 3164 ita
1756 3116 1800 3165 est
1830 3146 1833 3152 ·

142 3206 192 3252 ut
205 3195 363 3268 spirituales
377 3197 515 3253 invitatori
529 3206 577 3253 tuo
590 3198 710 3270 praebeas
724 3198 809 3255 ciboe.
1007 3199 1110 3270 agenda
1126 3207 1156 3256 ut
1170 3213 1310 3270 nunquam
1325 3198 1480 3255 amaritudo
1492 3199 1632 3269 aequantia
1643 3199 1737 3269 iudicii
1754 3214 1798 3258 re·
1885 3206 1889 3211 '

196 3285 336 3367 Βοιιιιιιιι
349 3301 442 3344 rerum
455 3288 602 3358 postulatio
614 3296 666 3357 eet,
678 3287 786 3357 quattdo
800 3302 899 3359 corpue
908 3301 956 3344 ea-
1005 3292 1085 3350 cedat
1099 3307 1115 3347 a
1129 3291 1274 3348 memoria.
1436 3344 1438 3348 ,

150 3375 226 3433 dem
238 3375 298 3432 vult
311 3376 411 3434 haltere
425 3393 485 3449 quae
499 3386 527 3434 et
541 3379 660 3450 spiritus.
1338 3397 1465 3440 rsnnonus.

484 3484 638 3527 concoctos.
1042 3474 1146 3532 liabeto
1159 3481 1399 3546 temperamentum
1411 3475 1437 3530 in
1447 3490 1584 3548 prosperis
1597 3495 1603 3529 :
1619 3485 1739 3534 mentem
1747 3490 1798 3536 nee

199 3557 348 3614 mundare
372 3559 399 3616 in
426 3560 558 3618 conuiuiis
574 3561 723 3634 loquacitas
746 3564 828 3630 solet,
849 3575 957 3636 semper
1006 3566 1104 3635 gaudio
1118 3580 1170 3623 nec
1188 3578 1305 3623 moerore
1318 3573 1480 3624 commutes.

159 3651 238 3706 enim
255 3649 379 3721 voluptas
391 3651 537 3708 comitatur
550 3652 654 3723 epulas.
1042 3655 1077 3711 lit
1090 3655 1124 3712 ad
1138 3655 1208 3711 bona
1225 3654 1306 3724 igitur
1319 3664 1349 3712 et
1362 3655 1396 3712 ad
1409 3656 1480 3713 mala
1494 3664 1615 3728 tempera
1631 3673 1679 3713 cor
1693 3667 1778 3714 tuum.

199 3739 269 3796 Cum
282 3755 382 3812 corpus
396 3741 424 3798 in
442 3743 596 3801 reiectionis
607 3742 790 3801 delectatione
800 3744 954 3812 resolvitur,
1340 3760 1466 3803 ιιιιιιιιι.

168 3840 215 3886 eor
225 3829 261 3887 ad
274 3830 355 3888 inane
364 3832 491 3902 gaudium
505 3831 654 3890 relaxator.
1041 3835 1100 3891 Noli
1113 3833 1251 3893 dmolmie
1258 3834 1344 3893 labiis
1354 3835 1437 3892 rieum
1451 3838 1582 3908 prolerre.

201 3918 316 3991 Semper
328 3920 422 3992 epulas
441 3922 590 3992 loquacitas
612 3925 745 3995 sequitur,
761 3939 875 3996 cumque
888 3938 956 3983 uen-
1041 3924 1165 3981 timentia
1175 3939 1293 3996 namque
1305 3933 1347 3982 eet
1357 3940 1420 3982 cum
1430 3928 1546 3997 strepitu
1555 3927 1656 3996 ridere,
1669 3929 1717 3985 aed
1731 3930 1797 3987 aab·

175 4009 349 4083 tundetur,
363 4013 454 4088 lingna
466 4015 598 4074 defrenat.
718 4014 720 4018 ’
1005 4014 1119 4071 ridendo
1134 4023 1238 4070 tautum
1253 4015 1374 4072 lautiam
1388 4010 1598 4073 mentitindiea.

1041 4105 1100 4162 Non
1111 4105 1239 4161 contenit
1252 4104 1277 4162 ei
1287 4106 1335 4175 qui
1349 4105 1383 4160 ad
1394 4105 1590 4176 perlectionem
1603 4108 1698 4165 nititur
1707 4109 1795 4180 jocari

470 4167 584 4227 catut
596 4168 662 4227 llll.
1006 4212 1067 4253 cum
1082 4210 1177 4268 pm

423 4281 463 4338 de
476 4283 531 4339 riae
544 4293 569 4338 et
581 4285 699 4342 triatitie.
1041 4287 1075 4344 lit
1086 4289 1113 4345 in
1127 4288 1220 4346 letitia
1235 4290 1374 4361 parvulus.
1389 4297 1420 4361 et
1431 4291 1472 4346 nir
1486 4291 1622 4363 perlectm
1636 4291 1663 4348 in
1673 4307 1767 4350 eonem

497 4411 630 4454 cums,
971 4418 995 4478 υ
1043 4381 1073 4437 ln
1086 4381 1245 4452 quibusdam
1260 4391 1287 4438 te
1301 4382 1402 4439 exhibe
1412 4396 1515 4448 cenem,
1536 4383 1565 4440 in
1582 4383 1741 4454 quibusdam
1755 4385 1797 4441 in-

205 4484 282 4543 ileati
302 4487 348 4559 qui
361 4486 454 4555 lugent
468 4501 549 4553 nunc,
564 4486 693 4556 quonlam
708 4487 759 4558 ipsi
771 4489 954 4548 consolabun-
1007 4472 1117 4530 fantem

173 4587 212 4634 tur
225 4578 335 4647 (Uetti.
351 4580 388 4650 ι).
1040 4565 1123 4623 locus
1133 4574 1224 4624 autem
1239 4566 1379 4623 reminsem
1393 4565 1476 4624 ellicit
1488 4569 1605 4623 animam
1615 4568 1796 4639 negligentem

203 4672 250 4729 ue
272 4672 409 4742 tenuem
427 4672 521 4729 niueo
539 4673 836 4744 inaequanimiter
855 4683 883 4732 e
904 4674 954 4732 ue·
1007 4669 1071 4728 erm
1082 4657 1129 4714 Μ
1141 4667 1275 4729 precepta
1288 4674 1296 4713 τ
1309 4665 1407 4715 etium
1421 4670 1472 4714 ιιι
1484 4658 1582 4715 orreo
1596 4674 1646 4716 ιι·
1659 4666 1750 4730 potest
1761 4662 1796 4717 tl

171 4761 230 4820 otiis
242 4761 321 4832 (tue,
335 4765 383 4832 m),
1007 4749 1167 4805 memoria·
1180 4763 1320 4815 revocare,
1342 4755 1373 4805 et
1392 4747 1555 4805 obliviscene
1569 4763 1613 4817 en,
1634 4764 1688 4806 nuo
1701 4763 1732 4806 ee
1754 4751 1797 4807 ln·

506 4870 615 4912 elutos.
1005 4841 1133 4912 ttigatad
1147 4843 1344 4914 poenitentiam.

202 4941 323 5001 Gaudete
337 4951 364 4999 et
376 4944 488 5015 perfecit
500 4954 587 5002 emon„
599 4943 642 5017 (ιι
657 4944 717 5002 σοι,
735 4952 800 5021 χη),
1040 4930 1149 4988 Nullum
1165 4930 1277 4990 habebit
1289 4947 1429 4991 amoenum
1444 4935 1535 4993 cordis
1556 4943 1736 5007 compunctio,
1752 4935 1797 4991 not

499 5051 619 5093 mmm,
1006 5019 1087 5078 luerit
1101 5022 1294 5082 immoderatus
1304 5024 1376 5084 ιίιιιι
1388 5042 1422 5083 ae
1433 5027 1522 5099 iocus.

202 5123 291 5182 llieeri
315 5135 417 5192 estote,
438 5127 527 5196 lugete
549 5137 578 5184 et
591 5129 707 5200 plorate,
730 5131 799 5186 rieue
817 5137 908 5188 retur
927 5133 956 5189 in
1305 5157 1421 5216 cppm·
1435 5157 1490 5214 gv,

170 5211 269 5273 luctum
307 5225 491 5283 connectatur,
526 5225 553 5271 et
588 5218 713 5287 gaudium
752 5220 779 5275 in
811 5235 955 5283 moerorem
1251 5269 1398 5330 mmm
1494 5282 1502 5326 t

170 5303 271 5373 (lacot
286 5313 333 5378 nv).
361 5343 366 5348 -
1411 5287 1491 5342 paren
1503 5288 1556 5326 um.

493 5416 624 5460 ιιιοιιοιι.
1254 5419 1547 5462 ιιιιιιτιιιιιιιοιιιι,

204 5487 259 5544 Lux
271 5489 405 5560 justorum
415 5491 535 5550 letificat
548 5493 665 5551 animam
680 5493 772 5569 (Pron.
790 5497 846 5569 nn).
1044 5493 1154 5551 donum
1169 5504 1275 5566 patrem
1287 5503 1363 5552 tuum
1375 5503 1404 5553 et
1413 5504 1528 5562 matrem
1538 5503 1624 5566 tuam,
1637 5505 1667 5553 ut
1680 5499 1749 5556 bene
1759 5500 1796 5556 eit

200 5576 254 5634 Gor
266 5579 386 5649 gandent
399 5582 536 5640 exlrilarat
546 5583 644 5642 faciem
657 5583 766 5657 (leid).
1008 5587 1068 5653 tihi,
1083 5596 1113 5645 et
1124 5588 1163 5645 tle
1177 5588 1313 5657 longaeua
1330 5595 1541 5661 repertorum,
1561 5600 1643 5660 qoam
1667 5592 1797 5650 Dominus

201 5667 229 5725 la
244 5684 362 5729 maerore
374 5671 470 5772 anime
484 5670 608 5747 dejicitur
621 5675 744 5748 spiritns.
1009 5680 1080 5739 deut
1094 5686 1158 5739 tuat
1171 5678 1245 5739 debit
1258 5677 1308 5738 tilti
1321 5677 1430 5753 (dull.
1442 5694 1489 5752 ιι,
1501 5676 1589 5740 leod.
1605 5683 1663 5758 ιι).
