3810 6128
131 334 170 390 εὖ
711 318 790 376 vita
811 308 971 370 recitarit
992 304 1197 364 loitttitiati.
1731 301 1765 358 ὅι

128 467 162 504 er
180 442 279 516 ingenii
294 440 479 510 doctrinasque
491 437 559 492 lanta
575 435 642 490 satis
655 433 785 502 insignem
798 424 922 495 etcugni·
939 425 962 481 tt
978 420 1118 488 prudentia
1134 433 1164 472 ac
1185 415 1316 472 sermonis
1330 414 1664 484 311·1ιῐιιιθ,1113181ι11ιθῐ11·
1678 414 1762 483 otram

130 548 211 681 null.
235 626 278 681 ct.
304 624 345 678 vir
372 623 449 678 loatr.
474 617 605 687 losepbus
630 615 726 677 Liruti,
746 623 869 680 tgumrens
892 621 925 661 ac

131 733 226 773 set-tim
241 718 444 783 admiransque
470 709 528 764 lieri
555 708 657 763 ratione
673 704 786 774 potuerit
803 711 833 756 ut
847 701 871 754 is
886 706 926 753 tut

131 823 229 876 regum
241 821 273 860 ac
288 805 439 875 principum
451 802 570 857 uirorum
593 797 737 852 amicitiam
754 793 830 859 inire,
845 803 926 862 atque

131 912 231 953 corum
255 897 360 949 artimus
383 894 433 948 sibi
460 891 597 947 devincire
621 885 754 957 potuerit,
780 885 927 940 arbitratur

132 1003 195 1044 earn
210 1001 261 1056 qua
275 995 333 1040 erat
348 984 475 1054 praeditus
488 981 593 1052 generis
608 993 639 1032 ac
650 976 743 1046 stirpis
757 976 925 1030 nobilitatem

133 1079 161 1134 itt
172 1092 249 1132 causa
266 1075 349 1130 luisse
361 1089 408 1129 cur
422 1074 454 1127 ad
467 1072 617 1142 principum
629 1078 708 1135 ateste
724 1081 816 1136 regum
832 1064 928 1118 amici·

135 1168 186 1223 tias
199 1166 287 1220 lacilis
299 1165 390 1218 eidem
406 1162 495 1217 aditus
510 1170 601 1229 patere
614 1156 738 1227 potuerit.
751 1157 807 1222 Qua
819 1156 845 1207 iu
856 1168 886 1207 re
898 1159 927 1206 ιιι

135 1259 179 1314 ιιι
201 1257 262 1325 ipse
286 1254 406 1323 aperiam
434 1251 504 1322 quod
533 1250 632 1318 sentio,
650 1249 726 1317 plane
739 1245 848 1300 dilticile
861 1242 926 1298 mibi

135 1349 240 1406 videtur
255 1348 394 1401 bantinem
417 1345 462 1414 qui
487 1342 592 1407 butirili,
617 1354 666 1396 nec
687 1340 752 1392 satis
776 1336 874 1391 celebri
902 1335 928 1388 in

136 1442 196 1497 loco
211 1438 357 1511 (liuplavili
373 1435 458 1504 dico),
473 1445 613 1505 paternam
638 1433 729 1488 sedem
756 1445 787 1485 ac
807 1429 927 1492 dutrrum,

138 1533 213 1606 guia,
230 1542 259 1588 ut
285 1534 345 1602 ipse
372 1530 406 1585 de
428 1544 458 1584 se
481 1530 630 1597 proiitetur,
654 1526 784 1595 rnajorum
800 1523 929 1593 originem

143 1626 263 1688 baberet,
293 1622 398 1676 nullttm
424 1619 557 1688 publicum
578 1617 706 1686 gessisset
735 1615 928 1685 magistratum,

139 1717 240 1773 auitam
255 1723 362 1770 certum
378 1711 489 1766 lionoris
503 1725 535 1766 ac
559 1710 697 1778 dignitatis
713 1709 816 1775 insigne
838 1705 930 1758 inisset

143 1805 254 1876 adeptus
270 1804 310 1876 (ut
325 1802 450 1873 superius
471 1799 690 1869 declaravimus),
717 1810 769 1853 tarn
790 1798 890 1852 claram
903 1804 931 1851 et

140 1897 286 1968 gloriosam
302 1895 410 1966 generis
424 1893 592 1948 nobilitatem
605 1890 721 1945 nancisci
737 1889 866 1957 proruisse,
878 1902 929 1956 qnia

142 2002 193 2042 non
214 1988 303 2042 solum
318 1986 346 2040 in
361 1984 447 2051 ltalia,
464 1982 510 2037 sed
525 1983 607 2037 ctiam
622 1982 648 2035 in
674 1979 816 2036 Germania
841 1981 933 2032 eatre·'

144 2094 237 2148 utaque
260 2076 349 2132 Gallia
373 2075 573 2139 inclaresceret,
590 2072 738 2142 prasertim
754 2085 814 2125 cum
840 2070 931 2123 turbu-

145 2170 222 2226 leatis
235 2168 305 2225 adeo
317 2166 494 2237 temporibus,
510 2165 608 2233 quibus
620 2163 673 2232 jam
686 2161 763 2216 bellis
777 2174 809 2215 ac
821 2160 931 2214 seditio·

144 2262 218 2318 uibus
232 2260 326 2314 omnia
340 2257 532 2319 miscebantur,
560 2254 600 2309 rel
626 2253 790 2308 nobiliorum
812 2251 929 2305 uirorum

145 2353 244 2422 generi,
260 2351 312 2405 nisi
325 2364 437 2419 quorum
451 2363 532 2417 opera
555 2348 581 2400 iu
608 2346 685 2400 bellis
709 2342 931 2399 administrandis

106 2502 109 2507 ,
149 2454 189 2497 ιιι
202 2442 321 2513 gerenda
336 2440 409 2495 domi
427 2453 485 2507 rep.
500 2437 681 2506 praestitisset,
699 2434 816 2489 tenebrae
830 2432 929 2488 ollandi

148 2531 223 2588 itciie
235 2532 394 2602 potuissent.
409 2529 495 2582 ilaiim
512 2527 602 2595 itaque
624 2540 684 2580 cum
712 2525 856 2579 llincrnaro
869 2539 931 2578 seu·

152 2626 208 2692 tire,
223 2625 280 2693 qui,
293 2622 318 2677 in
332 2620 408 2692 prad.
422 2620 456 2674 ad
469 2619 556 2673 vitam
570 2619 655 2672 sancti
672 2617 783 2686 ilenrigii
795 2616 887 2670 scribit
898 2615 931 2669 de

152 2715 303 2781 lurtunato,
318 2713 389 2784 quod
406 2729 421 2764 a
436 2712 521 2765 rnaltia
538 2709 679 2779 potentibus
694 2720 717 2762 et
740 2707 931 2761 botrorubilibus

149 2809 202 2862 ¹ciris
215 2810 242 2863 in
252 2809 292 2862 ltis
306 2806 416 2861 Gallicis
440 2814 464 2858 et
484 2802 593 2875 Belgicis
612 2802 757 2872 regionibus
772 2817 816 2870 per
830 2802 932 2855 clirertrt

158 2896 201 2951 tar
210 2909 267 2951 tanc
282 2898 352 2962 aitte,
362 2895 514 2950 rescientiae
527 2909 581 2948 sattc
591 2892 680 2946 rneritc
690 2891 857 2946 insultabatur.

184 2991 224 3045 is.
243 2991 374 3057 Quoniam
406 3001 470 3042 vero
499 3000 592 3054 niagna
617 2995 644 3039 et
658 2984 790 3053 praecipua
806 2981 931 3052 sigiberti

166 3081 309 3139 inettmdem
321 3080 495 3135 immanitatis
508 3093 539 3132 ac
553 3076 737 3132 beneticentiae
750 3075 836 3129 ulticia
848 3073 932 3128 exsti·

166 3181 218 3239 tere,
231 3173 262 3228 de
274 3175 390 3241 ipsoque
401 3179 429 3224 et
445 3166 506 3234 luit,
523 3175 551 3221 ct
565 3165 615 3221 erit
629 3165 727 3235 sapius
741 3177 840 3229 scritto,
862 3163 932 3217 baud

168 3262 262 3316 aliturum
275 3263 308 3316 sit
320 3261 355 3317 de
369 3259 464 3314 eodem
486 3259 597 3326 ejtrspuc
617 3269 709 3324 regno,
726 3269 776 3308 nec
792 3269 844 3308 nuo
860 3252 933 3322 regis

169 3351 279 3421 stirpare
299 3351 470 3421 cogitatione,
495 3346 593 3417 aliquid
624 3346 674 3400 boc
701 3344 760 3431 lgco
784 3347 884 3399 dicere.
909 3341 934 3397 ls

171 3437 240 3510 itaque
249 3442 317 3497 lilius
329 3439 380 3496 ierit
390 3439 498 3494 Clutorii
513 3439 532 3503 i,
546 3437 709 3491 Francorum
720 3435 800 3505 regis,
814 3434 933 3489 omnivm

173 3545 206 3585 ιιι
226 3545 299 3589 atate
325 3532 517 3604 potentissimi,
548 3528 592 3599 qui
622 3540 680 3597 riost
703 3528 829 3583 clodovei
851 3528 935 3598 patris

175 3623 253 3678 obitum
271 3639 385 3695 regnare
412 3630 540 3691 roetrerat,
568 3629 679 3688 paterno
707 3633 789 3689 regno
802 3632 893 3688 aquas
909 3621 934 3673 in

177 3725 241 3779 partes
257 3716 340 3770 diviso
366 3729 426 3769 cunr
452 3713 536 3767 tribus
558 3708 682 3765 iratribus
706 3708 795 3780 (Greg.
823 3707 934 3775 Traron„

176 3805 217 3861 ιιι
229 3809 291 3864 ιιιιι.
310 3808 419 3873 frana,
434 3824 458 3861 ι.
478 3807 502 3876 ι)
513 3823 521 3871 ;
533 3804 628 3876 ortibus
644 3804 695 3858 vita
707 3803 814 3867 lttnctis,
828 3804 935 3857 unirer·

176 3902 274 3956 tutosibi
287 3901 450 3956 Francorum
472 3900 624 3967 intruerium,
653 3897 749 3966 partim
767 3893 934 3957 ltaereditate,

176 3991 252 4054 partim
274 3995 352 4047 arinis
378 4006 410 4046 ac
431 3989 560 4060 potentia,
588 3988 778 4043 vindicaverat.
799 3982 857 4052 lpse
873 3998 936 4039 tero

175 4078 284 4138 trasarius
308 4085 427 4139 moriens
450 4091 563 4152 quatuor
586 4090 645 4150 post
668 4094 699 4134 se
723 4078 791 4132 iiiios
817 4074 934 4142 reliquit,

174 4167 349 4240 charibertum,
375 4172 579 4235 Guntramnnm,
604 4170 793 4237 Gbilpericnm,
819 4165 936 4234 sigiber-

176 4270 227 4329 tum,
238 4268 279 4335 gari
291 4280 402 4336 regnum
418 4265 488 4320 inter
503 4279 543 4328 se,
555 4264 625 4332 jacta
639 4274 722 4328 sorte,
733 4259 892 4322 diviserunt,
906 4271 937 4311 ac

173 4351 285 4422 sigiberto
300 4356 342 4425 (ut
356 4354 445 4410 verbis
460 4362 519 4408 utar
530 4351 660 4421 Gregorii,
675 4352 692 4406 i.
706 4368 730 4405 ιι
740 4349 809 4405 llist.
827 4348 936 4410 Graec..

977 523 1040 564 cnm
1057 509 1239 576 impetrasset,
1254 507 1340 560 cidem
1356 497 1445 575 nupsit
1471 506 1541 574 regia
1566 519 1662 573 potrrpa
1678 515 1705 559 ct
1719 520 1765 574 ap-

981 612 1088 669 paratu,
1102 601 1236 666 tutiusque
1251 599 1326 667 regni
1338 612 1398 652 cuttu
1411 612 1514 651 summa
1532 598 1620 651 laetitia
1634 612 1664 651 ac
1678 607 1768 665 gratar-

977 689 1076 743 latione
1090 687 1178 759 (Greg.
1197 688 1272 754 lue,
1288 689 1307 743 ι.
1323 703 1359 753 ιι,
1372 703 1397 741 ι.
1412 688 1469 755 at).
1488 686 1566 741 ttisce
1590 687 1690 755 nuptiis
1710 686 1768 755 epi-

979 779 1136 833 tbalamirnu
1146 778 1243 831 cecinit
1255 777 1274 832 F
1277 785 1425 841 emanatus,
1442 778 1474 831 tle
1487 793 1541 846 ιιι
1563 780 1654 842 snpra,
1675 792 1701 829 n.
1719 775 1765 842 δι,

979 870 1060 924 locuti
1075 884 1184 935 sumus;
1203 869 1326 938 idemque
1342 869 1464 923 scribens
1487 870 1518 922 ad
1545 867 1695 937 Gogunetn,
1708 882 1765 923 retu

978 975 1071 1016 reeens
1086 969 1189 1030 gestam
1200 958 1319 1014 declarat
1333 960 1374 1013 bis
1388 960 1475 1014 verbis
1489 978 1495 1011 :

1040 1050 1123 1123 Nuper
1132 1051 1161 1097 ab
1171 1050 1284 1111 Hispanis
1300 1063 1343 1111 per
1352 1048 1424 1097 nndza
1438 1050 1543 1111 pericula
1555 1052 1638 1112 terris,

1071 1111 1179 1173 egregio
1191 1113 1245 1172 regi
1263 1112 1348 1173 gaudia
1358 1124 1450 1160 strrrtma
1464 1113 1541 1161 ciebis.

1010 1190 1059 1261 ιδ.
1086 1192 1269 1260 (ὶιιιιριιζιιιι,
1294 1192 1419 1261 sigiberti
1448 1190 1548 1258 irater,
1573 1193 1633 1260 cius
1657 1192 1764 1263 nuptias

978 1284 1129 1350 emutatus,
1158 1285 1229 1339 misit
1246 1293 1273 1339 et
1297 1285 1354 1353 ipse
1383 1286 1408 1339 in
1435 1284 1590 1354 Hispaniam
1617 1286 1660 1354 qui
1688 1284 1767 1341 Gele-

979 1378 1126 1441 suintbarn,
1150 1377 1329 1433 lirunicbildis
1344 1392 1474 1444 sororem,
1500 1378 1550 1432 sibi
1575 1377 1767 1445 petercrrt,cui

981 1465 1103 1531 nuberet,
1119 1482 1197 1536 quatu
1213 1482 1284 1521 atrnu
1296 1465 1351 1522 lere
1367 1477 1517 1536 postquam
1535 1467 1683 1535 sigibertus
1702 1468 1767 1520 litu·
1862 1538 1865 1544 Ι

981 1556 1123 1610 nicbildcm
1150 1556 1199 1610 sibi
1226 1558 1396 1625 copulaverat
1420 1558 1494 1612 duait
1520 1574 1642 1621 uxorem,
1668 1556 1768 1614 Frede-

981 1648 1077 1716 gumlc,
1100 1647 1176 1716 cuijus
1189 1648 1325 1702 artioribus
1341 1648 1491 1714 tenebatur,
1509 1650 1591 1704 intimi
1613 1651 1719 1721 generis
1735 1666 1767 1706 ιι

982 1738 1074 1792 serviti
1088 1752 1119 1791 cx
1138 1740 1290 1794 cutiditione
1305 1739 1416 1795 muliere
1439 1740 1546 1810 rejecta.
1563 1742 1597 1795 At
1619 1759 1670 1796 trun
1685 1744 1770 1798 nrulto

984 1832 1323 1901 posceumtletcsutntba,
1349 1832 1490 1901 Giiilpcriei
1516 1833 1627 1900 pertidia
1653 1833 1766 1899 odettsa,

933 1956 936 1962 -
983 1924 1095 1978 reditum
1111 1925 1135 1978 in
1157 1923 1310 1993 llispaniam
1336 1934 1450 1992 pararet,
1471 1925 1528 1993 ejus
1542 1925 1631 1995 jussu,
1655 1927 1717 1980 dum
1743 1927 1769 1981 iu

983 2013 1081 2069 lectulo
1093 2015 1214 2080 cubaret,
1236 2015 1376 2069 interiecta
1391 2025 1449 2078 cst;
1475 2027 1554 2083 atque
1583 2031 1682 2084 paucos
1709 2027 1768 2085 post

982 2105 1211 2175 diesGltilpericus
1225 2105 1425 2174 Fretiegundent
1443 2103 1554 2173 recepit,
1572 2105 1648 2174 cuijus
1670 2106 1768 2161 deinde

982 2194 1075 2250 iraude
1099 2205 1125 2249 ct
1144 2189 1245 2250 insidiis
1265 2210 1326 2251 crim
1341 2195 1500 2264 sigibertus,
1527 2204 1581 2250 tum
1604 2195 1768 2265 Gbiipericus

981 2285 1056 2353 ipse,
1084 2285 1164 2340 occisi
1190 2295 1261 2338 stitit.
1294 2284 1512 2352 Gelesuintbam,
1539 2294 1766 2354 pertranseuntem

981 2375 1105 2439 Petaris,
1121 2375 1187 2429 ridit
1204 2374 1374 2439 Fortunatus,
1397 2390 1457 2430 cum
1481 2374 1567 2431 adbuc
1592 2391 1622 2429 ea
1651 2377 1678 2431 in
1702 2376 1768 2431 urbc

983 2483 1067 2522 nortis
1087 2474 1169 2532 essct,
1193 2474 1221 2521 et
1247 2466 1304 2536 ejus
1332 2465 1410 2520 luntas
1432 2466 1632 2521 acerbissimum
1661 2466 1766 2536 lugubri

982 2562 1102 2615 carmine
1113 2561 1254 2628 expressit,
1269 2558 1338 2628 qirod
1354 2559 1442 2628 legere
1453 2567 1492 2612 ea
1509 2559 1527 2611 ι.
1545 2572 1582 2621 ιι,
1597 2572 1621 2611 ι.
1639 2559 1666 2613 7.

1018 2649 1063 2704 tc.
1087 2648 1235 2719 sigibertus
1260 2650 1349 2715 ittaque
1372 2650 1412 2718 (ot
1429 2649 1461 2701 ad
1483 2647 1509 2701 id
1525 2650 1595 2703 ιιιιιιι
1609 2648 1769 2704 dcllcrirnus

984 2742 1164 2811 revertamur)
1182 2739 1365 2795 nobilissimus
1378 2741 1409 2795 iis
1421 2740 1594 2808 temporibus,
1607 2755 1638 2794 ac
1651 2743 1768 2809 pruden-

985 2834 1102 2888 tissimus
1117 2847 1160 2886 ret
1178 2833 1266 2901 (cojm
1279 2832 1392 2885 virtutes
1421 2830 1518 2901 passim
1548 2829 1684 2885 celebrant
1706 2831 1771 2884 Fur-

984 2934 1091 2980 tunatus
1104 2920 1131 2979 ιί
1143 2926 1224 2996 Greg.
1242 2924 1319 2991 Trio,
1336 2924 1432 2993 aliique
1450 2921 1549 2992 plures)
1565 2925 1687 2978 eumdem
1701 2922 1769 2978 Fur·

985 3025 1116 3082 lunatum,
1132 3016 1158 3068 in
1172 3016 1285 3070 Galliam
1316 3016 1476 3080 vestientem,
1503 3013 1697 3082 pcrltonoritlce
1723 3030 1771 3070 ct·

948 3110 1077 3179 erepit,
1107 3120 1187 3177 atqtte
1201 3108 1237 3162 itii
1262 3107 1413 3178 sigoaldutn
1442 3097 1566 3162 corruitent
1594 3122 1641 3176 pro
1652 3107 1724 3162 socio
1740 3123 1771 3163 ac

985 3204 1054 3257 duce
1077 3201 1200 3256 itinerum
1216 3217 1275 3269 natm
1291 3217 1336 3269 pcr
1350 3202 1462 3255 Galliam
1478 3200 1580 3271 agenda
1598 3200 1646 3268 ipsi
1666 3199 1773 3254 lucrant

984 3294 1068 3358 dedit,
1083 3307 1136 3364 quo
1148 3294 1251 3347 seilicet
1266 3308 1373 3362 operam
1388 3309 1475 3359 suant,
1496 3304 1523 3346 ct
1536 3291 1730 3357 assiduitatem,
1746 3303 1774 3347 ct

986 3386 1094 3441 tutelam
1120 3385 1217 3451 eitlcrn,
1243 3386 1299 3440 sive
1318 3385 1441 3440 Turonos
1464 3383 1583 3447 adeunti,
1609 3383 1666 3440 sire
1693 3384 1772 3439 urbes

984 3476 1062 3545 alias,
1076 3489 1106 3529 ac
1121 3475 1243 3544 regiones
1258 3475 1348 3530 Gallie
1364 3475 1525 3545 peragranti,
1549 3482 1696 3544 prestaret.
1713 3473 1769 3528 iiuc

986 3583 1018 3624 ιι
1030 3569 1088 3638 ipso
1104 3570 1225 3622 norimus
1240 3566 1394 3631 Fortunato,
1409 3567 1466 3637 ιιι,
1483 3566 1501 3620 l.
1515 3581 1541 3633 n,
1555 3581 1578 3620 c.
1601 3564 1645 3630 ab,
1672 3564 1706 3619 ad
1728 3564 1770 3620 Si·

986 3661 1108 3732 goaldum
1121 3659 1213 3713 scribit
1228 3659 1269 3713 bis
1280 3659 1369 3713 verbis
1387 3676 1392 3710 :

1048 3750 1148 3801 Finibus
1163 3751 1236 3799 ltaliae
1247 3765 1301 3800 cum
1313 3754 1414 3811 primum
1426 3750 1455 3798 ad
1464 3763 1540 3813 regna
1555 3752 1675 3814 venirem,

1078 3813 1114 3862 ‘l'c
1127 3815 1185 3862 milri
1195 3815 1320 3863 curistituit
1328 3827 1372 3862 rex
1385 3815 1526 3872 sigibertus
1536 3824 1619 3872 opem,

1048 3874 1134 3925 Tutior
1146 3884 1172 3923 ut
1181 3878 1307 3936 graderer,
1319 3882 1399 3923 tet-um
1412 3874 1556 3929 cottiitando,
1569 3874 1657 3935 viator,

1078 3936 1159 3998 Ateste
1172 3946 1298 3996 grasaretur
1311 3937 1364 3984 biatc
1375 3947 1463 3997 equus,
1475 3934 1618 3985 ruderibus.

1050 3997 1159 4058 implesti
1171 3999 1274 4047 cilicium
1283 3998 1356 4058 istc.)
1359 4028 1406 4044 .....

1025 4081 1211 4137 li.Eurndem
1233 4094 1297 4135 uero
1321 4078 1436 4133 Terrenis
1463 4077 1621 4142 cotrlestim,
1642 4091 1702 4132 cunt
1727 4091 1775 4146 per

989 4186 1079 4240 regem
1094 4171 1252 4241 sigibertum
1269 4169 1352 4234 licuit,
1368 4169 1400 4222 ad
1413 4168 1498 4222 sancti
1508 4168 1610 4222 llartini
1620 4169 1770 4237 sepulcrum

989 4263 1170 4318 venerandum
1185 4263 1353 4331 perrexisse,
1368 4259 1531 4316 credendum
1561 4268 1619 4326 est,
1645 4270 1674 4315 ut
1696 4275 1776 4331 errem

989 4351 1122 4408 ltarcnnae
1135 4363 1187 4407 tam
1204 4354 1330 4419 praeiere
1345 4354 1378 4407 de
1398 4367 1428 4406 se
1442 4351 1566 4406 meritum
1587 4361 1715 4420 nouerat,
1729 4366 1776 4407 cu·

172 4457 192 4496 ι.
203 4443 242 4515 ιι)
264 4463 370 4517 regnant
397 4444 550 4501 Theoderici
571 4443 692 4516 (Clotarii
714 4441 815 4509 fratris)
839 4438 936 4507 obtigit,
953 4445 1089 4519 piusque
1100 4456 1179 4497 caasa
1191 4444 1218 4497 in
1233 4441 1346 4497 Galliam
1357 4441 1510 4506 advenerat,
1522 4441 1577 4506 ejus
1592 4440 1697 4496 cineres
1709 4454 1778 4510 prm·

171 4534 284 4605 udenqre
296 4535 387 4590 babere
397 4533 572 4589 llbemcnsem.
583 4534 664 4588 Porro
677 4546 768 4602 regum
781 4528 935 4594 austrasiae,

170 4624 322 4691 guilibemis
336 4624 478 4688 sedebant,
492 4624 632 4692 imperium
649 4622 692 4676 vel
717 4623 742 4674 in
767 4619 936 4674 Germaniam

171 4712 234 4784 lunge
245 4717 434 4787 procurrebat;
446 4715 479 4769 de
493 4732 546 4785 que
561 4717 618 4784 lege
640 4713 726 4777 Fert..
756 4712 802 4767 tib.
820 4726 856 4777 rr,
869 4726 893 4765 c.
907 4709 936 4775 ι,

169 4808 285 4873 ebulo..
302 4812 330 4863 in
345 4810 416 4861 oratis
428 4809 460 4861 ad
476 4807 557 4876 Greg.
573 4808 649 4870 Tur,
667 4807 685 4860 i.
698 4821 722 4859 ιι
740 4803 821 4868 ilisa,
836 4818 861 4856 c.
873 4802 918 4857 ιι.

196 4898 235 4951 ιι.
251 4900 352 4954 interca
368 4898 526 4968 sigibertus,
543 4913 603 4951 cutia
621 4896 718 4951 iratres
731 4909 794 4948 suos
809 4906 887 4962 reges
901 4891 939 4945 vi·

167 4987 238 5045 disset
262 4989 351 5043 intima
377 4997 406 5042 ιι
430 4987 519 5041 servili
542 4987 693 5041 conditione
709 4982 867 5039 mulieribus
891 4995 938 5034 nu·

168 5082 252 5149 psisse,
271 5081 368 5134 oblitos
383 5082 489 5148 generis
503 5093 534 5132 ac
556 5076 691 5147 dignitatis
710 5092 776 5142 sua,
793 5075 866 5141 regio
881 5074 939 5142 ipse

165 5173 244 5226 auimo
258 5181 285 5226 ct
298 5172 413 5227 consilio
427 5184 538 5223 uxorem
564 5168 645 5235 regali
661 5181 676 5221 e
691 5169 774 5230 stirpe
789 5163 939 5219 discendant

162 5264 269 5317 certauit.
286 5264 370 5330 Quam
393 5262 499 5315 adrem
521 5260 620 5328 legatos
634 5259 705 5313 misit
727 5257 753 5311 in
775 5255 938 5324 llispaniam,

161 5355 203 5422 gui
230 5353 442 5417 Bruniebildem,
467 5348 636 5419 btbauagildi
664 5348 734 5418 regis
759 5348 784 5401 in
810 5344 939 5414 Hispania

161 5443 250 5512 diiam,
262 5444 312 5499 sibi
327 5453 449 5513 peterent
462 5441 494 5495 ad
511 5441 627 5510 nuptias,
642 5439 753 5508 puellam
768 5453 830 5493 cum
856 5437 943 5492 lorma

160 5535 287 5604 eorporis,
301 5544 357 5588 tum
369 5531 500 5587 industria
508 5540 536 5587 ιι
548 5545 653 5586 murum
667 5529 820 5594 honestate,
833 5525 942 5582 consilii

992 4552 1055 4592 sens
1075 4537 1186 4602 coleret,
1210 4551 1242 4592 ac
1266 4544 1445 4591 votumsnurn
1472 4534 1633 4589 exsolveret.
1661 4533 1778 4589 Praeerart

994 4639 1056 4685 tunc
1075 4632 1202 4700 temporis
1232 4629 1354 4683 Ecclesia
1378 4626 1525 4681 Turonensi
1549 4633 1562 4660 1
1587 4624 1776 4692 Eupbronius,

993 4736 1076 4790 nepos
1090 4723 1174 4776 saricti
1192 4721 1282 4790 Greg.,
1299 4720 1415 4791 episcopi
1437 4717 1624 4786 lingonensis,
1651 4717 1692 4771 ιιι
1715 4731 1776 4770 cum

992 4827 1091 4883 genere
1116 4812 1314 4876 nobilissimus,
1341 4819 1397 4863 tum
1425 4810 1567 4863 sanctitate
1593 4807 1775 4873 clarissimus,

995 4917 1074 4973 quem
1098 4903 1227 4971 deinceps
1250 4901 1400 4956 Fortunato
1412 4897 1539 4969 singulari
1555 4897 1739 4952 benevolentia
1752 4906 1780 4952 et

994 4992 1119 5047 amicitia
1135 4991 1331 5047 necessitudine
1346 4989 1428 5044 luisse
1441 4990 1632 5057 cunjunctum,
1650 4993 1779 5038 testantur

995 5082 1105 5152 buiusce
1130 5084 1163 5137 ad
1190 5082 1262 5136 illum
1279 5082 1384 5150 scriptae
1400 5079 1531 5149 epistolae,
1553 5078 1571 5129 l.
1591 5089 1631 5137 nt,
1644 5088 1668 5128 ι.
1684 5076 1696 5128 t
1710 5085 1737 5127 et
1749 5074 1778 5132 ι,

995 5175 1124 5229 Enmdem
1141 5176 1231 5244 itaque
1243 5186 1304 5229 tunc
1316 5174 1474 5229 convertisse
1487 5172 1662 5230 Fortunatus,
1677 5176 1703 5221 ct
1718 5168 1777 5236 ejus

995 5271 1119 5326 arrricitim
1134 5270 1307 5325 fundamenta
1320 5268 1442 5339 quadam
1457 5265 1569 5334 jecisse,
1594 5275 1654 5330 quae
1670 5272 1778 5330 postea,

996 5363 1096 5418 mutuis
1118 5362 1219 5417 ciliciis
1234 5361 1305 5415 calta
1320 5370 1346 5417 et
1359 5367 1448 5421 aucta,
1465 5370 1498 5410 eo
1514 5353 1644 5422 pertenit,
1670 5363 1699 5408 ut
1723 5351 1780 5422 ipse

997 5453 1070 5509 illum
1087 5453 1203 5522 parentis
1217 5451 1244 5506 in
1259 5453 1318 5507 loco
1331 5450 1451 5511 baberet,
1467 5445 1597 5500 dicendus
1610 5451 1661 5498 cst.
1703 5492 1706 5496 .

1031 5546 1077 5600 tti.
1090 5546 1191 5601 interca
1200 5545 1315 5599 Turonis
1326 5543 1472 5609 digressus,
1486 5554 1558 5602 cum,
1572 5536 1674 5592 itineris
1687 5549 1779 5600 causa,

189 5678 203 5706 ⁸
223 5669 291 5723 ilde
314 5669 405 5724 ιιιοιι.
428 5669 454 5720 in
476 5666 622 5725 titat'ort.
649 5665 724 5736 ponit
750 5675 812 5722 tunc
837 5661 966 5734 temporis
985 5659 1099 5719 Tritonis
1121 5662 1225 5719 sedisse
1250 5655 1416 5727 Gurg-arium.
1446 5657 1490 5726 ιιι
1522 5652 1628 5710 nonnisi
1658 5666 1701 5705 an.
1720 5651 1778 5706 sta

158 5741 229 5800 ιιιιιι
244 5739 337 5796 sedem
352 5747 395 5795 est
409 5739 531 5807 adeptus.
