3780 6120
86 294 140 349 283

675 283 924 343 rttscsbbtrlut.
943 315 978 328 -
998 285 1061 343 ctis.
1083 287 1146 346 liti.

86 406 245 476 tpnopatris
259 402 385 458 auxilium
398 398 510 454 iiontiuo
521 398 661 453 obtentura
675 397 803 466 preceris,
891 397 917 456 Α
931 393 987 453 Nec
1003 411 1079 453 mare
1095 398 1249 467 navigerum
1263 411 1392 467 spumoso
1403 400 1506 472 gurgite
1518 403 1608 469 ratiiat,

124 500 212 571 ttpue'
226 498 273 553 tibi
287 496 349 551 ieiix
363 509 443 563 regna
456 493 468 522 ¹
483 493 558 546 beata
572 506 660 560 pares,

88 592 119 646 iit
135 589 345 654 paritersanctaa
359 582 487 639 merearis
501 579 590 650 juncta
607 581 706 644 liariae,

123 678 227 735 Gaudia
243 682 376 747 perpetuo
387 672 575 728 concelebrare
586 672 680 727 choro.

88 773 143 828 iias
157 781 327 838 quacunque
338 764 387 834 piis
399 764 521 818 manibus
534 763 684 831 susceperis
696 762 801 831 arrbas,

124 861 186 916 lion
199 869 314 929 nuptura
327 855 439 920 bomini,
453 856 499 909 sod
513 855 551 910 sis
564 866 651 910 amata
666 855 722 911 ilei.

84 1025 260 1097 [Sanctorum
272 1023 298 1075 io
310 1020 379 1076 rosio
389 1021 500 1090 gloriam
512 1029 716 1081 commemorat,
728 1034 760 1076 ac
772 1035 878 1091 eonrm,

123 1106 150 1150 et
161 1097 188 1149 in
199 1093 291 1161 primis
302 1092 478 1145 sanetissttnaa
488 1091 608 1157 [leipnrtr
617 1089 879 1159 suffragiaadreraua

66 1222 69 1227 ,
123 1166 276 1219 cummunis
292 1161 377 1216 itostis
391 1160 501 1214 insidias
521 1163 572 1214 sibi
588 1173 720 1224 precatur.
739 1160 880 1216 i’ostremo

124 1234 257 1374 Numinis]
269 1232 496 1303 magnificentiam
521 1241 549 1286 et
574 1232 777 1302 amplitudinem
805 1245 880 1287 com·

124 1307 244 1359 mandat.

84 1396 200 1454 dietrice
212 1393 227 1434 b
238 1395 352 1450 Tirones
365 1408 436 1449 nunc
448 1400 573 1461 promant
587 1391 704 1448 carmina
716 1400 816 1461 castos,

84 1489 124 1544 Et
140 1488 247 1543 iaudem
258 1487 346 1556 capiat
358 1494 370 1526 ⁸
383 1485 513 1556 quadrato
527 1486 645 1541 carmine
655 1485 740 1555 virgo.

83 1580 189 1634 Trinus
200 1579 227 1632 in
241 1591 304 1632 arce
318 1574 389 1631 ileos
403 1575 448 1646 qui
463 1572 476 1612 l
494 1575 587 1643 poiiet,
601 1575 682 1632 sacia
695 1576 808 1646 crearit,

85 1671 227 1740 Regnator
238 1667 329 1723 mundi
344 1682 459 1737 regnans
471 1667 498 1722 in
512 1667 622 1724 sedibus
636 1668 698 1722 aitis

86 1762 204 1830 indigno
217 1757 340 1815 conferre
354 1757 419 1812 milti
433 1758 559 1828 dignetur
573 1759 600 1813 itt
615 1773 701 1814 erum

88 1855 159 1909 Cum
174 1852 274 1909 sanctis
288 1852 419 1918 requiem,
435 1866 502 1920 quos
517 1850 596 1906 iaudo
610 1851 733 1907 reraibus
746 1849 814 1907 istis.

89 1949 204 2002 Arittter
216 1944 443 2013 aitititronuquui
455 1952 546 1998 serrat
560 1951 667 2014 sceptra
681 1937 809 2012 su'perna,

87 2038 213 2095 Tradidit
226 2035 340 2091 bisontii
355 2049 404 2105 par
414 2033 511 2089 sudum
522 2033 651 2098 scandere
665 2036 759 2105 limen,

89 2131 165 2186 inter
179 2138 335 2185 secretorum
346 2141 447 2182 cuneos
462 2126 506 2196 qui
523 2126 601 2183 laude
617 2127 728 2195 perenni
764 2197 776 2210 ·

90 2227 154 2281 alite
167 2224 320 2296 pioridcant
334 2223 518 2284 moderantem
532 2237 615 2292 regna
632 2221 792 2278 Tonantem.

91 2319 274 2386 Omnipotens
285 2316 426 2382 Dominus,
439 2314 532 2370 mundi
546 2313 686 2379 iormator,
701 2324 730 2370 et
743 2322 847 2384 auctor,

91 2409 178 2465 Nebis
191 2407 353 2477 pauperibus
367 2406 459 2463 conier
473 2405 600 2475 suffragia
614 2416 700 2474 certa,

93 2504 127 2558 ει
140 2517 174 2556 ne
184 2502 320 2557 crincedas
331 2510 344 2538 ⁸
356 2497 500 2554 tradendos
513 2498 634 2555 hostibus
648 2498 758 2565 isthinc,

94 2593 148 2650 Sed
161 2593 247 2662 magis
258 2593 369 2662 exiguos
381 2588 531 2647 defendens
543 2589 654 2646 deutera
670 2598 770 2662 tangat,

92 2688 133 2744 Ne
144 2688 236 2756 prado
252 2684 337 2754 pelias
349 2685 478 2741 coeiorum
493 2684 620 2740 claudere
640 2685 735 2751 limen,

94 2779 144 2832 l'ei
157 2787 268 2832 sanctos
282 2778 369 2830 valcat
383 2790 512 2832 noxarum
524 2775 616 2831 iailcre
630 2790 730 2846 scaena,

94 2872 134 2926 tie
148 2870 191 2924 iur
205 2867 214 2906 ¹
232 2867 393 2939 strophosus
404 2868 506 2923 lorcam
519 2865 644 2924 detrudat
657 2867 685 2922 in
699 2875 796 2931 atram,

95 2961 251 3015 Conditora
267 2971 372 3013 summo
385 2959 455 3029 quod
466 2956 589 3012 Citristus
601 2966 693 3013 serrat
702 2962 821 3030 olympo,

932 491 984 542 dut
999 503 1074 543 zonae
1089 489 1191 552 muudi,
1207 504 1268 559 quae
1282 490 1385 560 stipant
1399 490 1500 547 aetitera
1514 492 1596 549 celsa.

930 577 1067 634 Clarorum
1082 582 1173 648 uitam,
1188 583 1232 651 qui
1247 584 1328 637 castis
1342 584 1461 640 moribus
1472 585 1562 653 isthic,

931 671 1081 727 auxitiante
1095 672 1160 738 Deo,
1177 669 1185 710 ¹
1201 673 1345 728 vernabant
1357 673 1423 731 dore
1438 677 1559 746 pereuni,

930 758 1036 814 Sanctis
1047 761 1186 831 aggrediar
1199 762 1294 817 studiis
1306 763 1413 820 edicere
1427 780 1539 839 pauper.

930 860 951 887 ¹¹¹
966 853 1113 908 Tantalum
1125 853 1206 923 digne
1220 855 1242 909 ai
1258 869 1358 926 pauper
1374 857 1480 925 premia
1496 857 1600 929 perdat,

930 948 1024 1003 Omnia
1038 961 1097 1001 cum
1113 946 1202 1000 nulius
1212 946 1302 1002 verbis
1316 947 1452 1016 explanet,
1465 956 1480 985 ¹
1494 956 1522 1004 et
1535 956 1598 1019 aplc

931 1043 945 1072 0
957 1034 1004 1092 Sat
1006 1071 1492 1094 .................

1242 1145 1355 1203 carba
1374 1144 1410 1204 X.

1132 1238 1173 1293 Ad
1186 1239 1305 1294 damnem
1319 1239 1517 1312 iiudepttndent.

931 1351 1133 1426 [iiadegundem
1153 1352 1243 1409 iaudat
1255 1356 1290 1408 ob
1303 1352 1460 1422 despectum
1476 1355 1604 1412 mundum
1626 1370 1657 1409 ac
1682 1369 1741 1409 re·-

966 1433 1059 1493 gnum,
1074 1434 1152 1487 atoue
1174 1424 1232 1493 cius
1256 1423 1347 1491 pietati
1368 1435 1397 1481 et
1421 1424 1558 1480 laboribus
1580 1440 1671 1496 parem
1696 1423 1723 1479 in

965 1496 1036 1550 ccaio
1049 1496 1199 1549 mercedem
1214 1493 1330 1549 iuturant
1344 1492 1512 1567 auguratum]

931 1583 1023 1654 ilegaii
1034 1585 1067 1639 de
1080 1585 1164 1655 atirpc
1177 1591 1273 1654 potens
1288 1584 1468 1654 Radessundes
1483 1585 1510 1641 in
1524 1583 1600 1654 orbe,

968 1677 1055 1731 Altera
1068 1675 1111 1730 cui
1125 1675 1201 1730 coeiis
1215 1689 1295 1747 regna
1310 1677 1425 1732 tenenda
1443 1685 1563 1739 manent,

894 1770 918 1830 B
930 1761 1085 1835 Despiciens
1097 1765 1225 1821 mundum
1240 1767 1363 1822 meruisti
1375 1768 1515 1837 acquirere
1529 1749 1677 1837 Christum,

969 1857 1002 1910 Et
1015 1857 1078 1911 dum
1095 1858 1185 1912 clausa
1198 1857 1278 1924 lates,
1290 1857 1353 1914 irinc
1367 1871 1450 1936 super
1462 1868 1534 1914 astra
1548 1858 1635 1914 rides.

931 1946 1033 2004 Gaudia
1049 1949 1145 2003 terreni
1160 1948 1301 2005 conculcas
1315 1951 1395 2006 noxia
1411 1952 1501 2022 regni,

969 2037 1004 2095 iit
1018 2039 1124 2107 placeas
1137 2041 1192 2110 regi
1208 2039 1282 2107 teu,
1295 2038 1400 2097 iacente
1415 2041 1485 2110 poio.

931 2126 1007 2184 Nunc
1019 2136 1130 2197 angusta
1146 2135 1231 2193 tenes,
1243 2143 1297 2194 ouo
1309 2129 1392 2185 cmios
1402 2110 1505 2200 largior
1519 2129 1615 2196 intres,

968 2229 983 2271 r
996 2219 1151 2276 iliiiundens
1166 2221 1308 2293 iacrymas,
1323 2221 1418 2293 gaudia
1434 2237 1496 2277 aera
1511 2232 1606 2278 metes.

933 2320 948 2363 s
962 2311 995 2367 Ει
1007 2325 1104 2381 corpus
1118 2310 1231 2379 crucias,
1248 2313 1364 2367 animam
1378 2312 1479 2381 ieiunia
1494 2320 1607 2378 pascunt

969 2403 1060 2470 Saite,
1074 2417 1154 2474 quam
1169 2401 1302 2458 ilominus
1314 2414 1405 2458 serrat
1420 2417 1511 2459 amoro
1527 2418 1604 2459 auus.

1245 2495 1358 2551 CAPUT
1377 2493 1422 2549 iii.

1170 2586 1211 2642 Aa
1225 2587 1339 2643 eamdem
1353 2587 1385 2643 de
1398 2587 1483 2642 oioiia.

935 2677 1066 2753 [Excusat
1079 2693 1109 2734 se
1128 2677 1296 2748 Radegontii,
1311 2678 1382 2746 quod
1395 2679 1481 2734 riolas
1494 2675 1584 2747 potius
1597 2680 1675 2743 'apuam
1690 2675 1727 2730 it'·

971 2750 1006 2804 iia
1021 2763 1141 2805 acrosas
1155 2749 1324 2804 adeundam
1346 2753 1451 2804 muneri
1466 2752 1565 2802 mittat.
1580 2747 1652 2818 ipsas
1667 2745 1724 2802 cl·-

972 2821 1011 2874 las
1034 2819 1203 2874 contntendut
1216 2834 1249 2873 ex
1268 2819 1368 2883 coloris
1394 2818 1538 2887 odorisque
1560 2815 1725 2888 praestantia,

971 2899 1050 2956 atque
1064 2888 1125 2943 inde
1144 2891 1278 2950 camdem,
1294 2904 1343 2942 nee
1365 2903 1418 2945 nott
1436 2891 1579 2960 agnetem,
1592 2887 1626 2940 ad
1642 2888 1726 2940 virtu·

972 2968 1025 3014 tem
1037 2959 1210 3014 excolendam
1225 2957 1373 3031 hortatum]
1698 2975 1701 2980 ·

97 3054 193 3106 Pastor
206 3051 277 3106 ovile
293 3057 380 3112 lucus,
396 3064 483 3121 neque
495 3049 603 3118 possita
620 3049 717 3106 nebuia
730 3057 833 3120 raptor,
935 3049 1071 3119 ,Tempora
1082 3050 1105 3105 si
1119 3050 1198 3104 solito
1212 3048 1278 3122 mibi
1291 3048 1404 3102 candida
1419 3048 1472 3103 iiiia
1488 3047 1597 3113 ierrcnt,

96 3143 212 3213 Regaies
227 3153 337 3196 vastans
348 3140 449 3204 caulas,
461 3137 476 3177 l
488 3139 529 3195 bis
543 3139 634 3195 dicere
647 3154 765 3210 puppup,

100 3235 194 3287 timnia
209 3232 258 3288 sed
274 3242 365 3287 custos
374 3229 498 3286 deiendat
511 3230 589 3284 oniiia
597 3229 654 3301 jam
666 3243 738 3285 nune

100 3322 224 3390 blasima,
236 3323 401 3392 precipuum
416 3336 475 3392 quaa
485 3321 692 3394 pestatnomine
707 3335 822 3386 nomem

103 3415 202 3471 addere
216 3413 382 3484 praesidium,
397 3422 494 3478 mater,
506 3411 617 3481 dignare
628 3423 737 3481 precatu
749 3428 756 3477 ;

103 3503 163 3558 iiam
175 3513 202 3557 tn
218 3510 376 3573 perpetuum
388 3500 542 3570 prompsisti
557 3501 657 3555 iumine
667 3500 771 3567 iumen,

107 3593 114 3631 i
127 3596 266 3664 inantque,
282 3593 414 3648 clamante
427 3604 505 3646 sacro
516 3590 673 3659 spiramine,
688 3601 794 3657 euntes,

105 3687 183 3755 Cuius
198 3685 369 3754 permultum
385 3683 462 3749 iubar
476 3682 531 3736 aito
543 3680 667 3750 splendet
680 3683 714 3738 ab
728 3698 791 3748 are,

106 3782 136 3833 ic
150 3778 266 3848 populos
277 3776 378 3847 pariter
393 3774 478 3843 replet
491 3774 639 3828 vibramine
653 3774 763 3841 ilumen,

105 3864 156 3923 dcx
172 3883 267 3938 regum
281 3907 290 3934 ,
307 3876 335 3920 et
349 3866 476 3934 princeps
491 3867 647 3934 populorum
660 3865 748 3922 dictus
762 3868 797 3922 ab
811 3882 887 3942 aro,

101 3959 208 4031 dagnus
222 3959 256 4014 de
269 3973 364 4028 magno
379 3957 386 4008 i
405 3972 495 4033 rerum
507 3957 638 4031 regimine
649 3966 748 4013 rector.

100 4053 176 4112 ilium
185 4064 297 4111 nectere
309 4051 322 4089 ¹
333 4066 386 4107 non
400 4058 524 4127 poss-unt,
539 4064 589 4106 nec
601 4049 710 4122 cingere
722 4051 793 4115 coeli,

134 4202 147 4229 ¹
162 4191 235 4246 Edit.
251 4186 349 4253 Paris,
365 4187 437 4240 beuta
450 4194 532 4246 petua.

132 4261 147 4300 ὓ
162 4261 222 4316 iioc
243 4272 338 4328 poema
353 4257 449 4326 legitur
463 4257 488 4308 in
509 4254 787 4312 praeministra
802 4257 888 4316 tribus

88 4327 131 4388 iis
143 4333 240 4401 quibus
252 4329 292 4383 usi
307 4328 435 4381 hactenus
448 4341 552 4392 sumus,
566 4326 599 4379 ad
612 4327 712 4382 calcem
725 4325 805 4394 oper.
821 4328 888 4382 ilor-

903 3110 927 3176 c
975 3139 1029 3195 dut
1040 3141 1161 3208 speciosa
1174 3138 1245 3196 ioret
1258 3153 1339 3194 strare
1355 3137 1452 3194 rubore
1463 3151 1536 3206 rosa,

939 3231 1003 3287 iiaec
1016 3246 1067 3300 ero
1080 3247 1141 3286 rure
1157 3231 1259 3299 legens,
1275 3241 1320 3284 aut
1334 3233 1435 3299 cespite
1449 3229 1573 3298 pauperis
1586 3227 1673 3293 berti,

976 3327 1132 3383 'iiisissem
1147 3328 1250 3396 magnis
1263 3341 1373 3384 munera
1388 3340 1467 3395 parra
1483 3327 1578 3382 iibens.

940 3417 993 3475 Sed
1007 3418 1069 3487 quia
1083 3419 1166 3485 prima
1181 3419 1244 3472 milti
1254 3417 1360 3484 desunt,
1377 3419 1419 3473 rei
1434 3418 1512 3474 solvo
1526 3417 1656 3482 secunda,

861 3574 864 3578 ,
974 3507 1077 3564 Proiert
1088 3509 1131 3578 qui
1147 3509 1241 3572 riolas,
1258 3515 1269 3543 ⁸
1284 3507 1337 3562 iert
1350 3517 1378 3563 el
1391 3522 1482 3564 amore
1495 3522 1589 3572 rosas;

940 3596 1010 3652 inter
1022 3596 1168 3652 odoriieras
1180 3605 1269 3658 tamcn
1284 3598 1343 3663 iras,
1356 3612 1423 3666 quas
1438 3597 1569 3664 misimus,
1583 3597 1690 3663 berbas,

976 3690 1119 3759 Purpureae
1132 3689 1208 3744 rioiaa
1220 3689 1309 3745 uobiie
1321 3704 1429 3760 permen
1444 3689 1553 3762 babent.

939 3778 1080 3851 Respirant
1095 3782 1193 3848 pariter
1209 3781 1217 3816 ¹
1236 3780 1318 3852 regali
1334 3781 1434 3846 murice
1448 3784 1549 3846 tittciae,

976 3872 1009 3926 iit
1022 3880 1123 3928 saturat
1137 3871 1209 3942 ioiiis
1225 3872 1287 3928 iiiuc
1299 3870 1378 3938 odor,
1390 3871 1453 3927 iude
1464 3870 1548 3926 color.

940 3962 1014 4028 iiac,
1025 3962 1094 4031 quod
1111 3971 1251 4031 utrumque
1265 3962 1333 4030 perit
1347 3960 1455 4029 pariter,
1472 3960 1592 4016 babeatis
1613 3968 1727 4033 utraque

977 4054 1011 4108 iit
1024 4053 1060 4109 sit
1073 4052 1170 4107 mercis
1182 4051 1250 4117 odor
1263 4050 1330 4107 iiore
1344 4065 1460 4127 peccone
1473 4048 1565 4105 decus.

974 4179 988 4222 ⁴
1002 4182 1082 4239 Forte
1096 4182 1203 4253 poliens.

975 4253 1063 4318 stis..
1080 4245 1227 4310 tradendos.

976 4322 988 4362 ¹
1005 4324 1161 4399 Stroyiroma
1175 4324 1352 4379 videturesse
1373 4321 1489 4390 positum
1515 4337 1563 4390 pro
1585 4332 1726 4378 tortttorua.

89 4398 302 4456 annatiiisttm
317 4396 616 4456 estiiindexscribere,
632 4396 885 4463 nnodai'ortunati
939 4402 1034 4470 στροφὴ
1076 4408 1145 4450 rsce
1157 4394 1361 4465 desuadicitur.
1377 4392 1629 4465 iis.,rt'ro{osur,·et
1650 4405 1726 4460 utus,
1821 4468 1827 4479 ,

89 4473 170 4542 stylo
183 4470 302 4525 alienum
317 4483 370 4521 non
382 4467 516 4522 rideatur.
530 4466 717 4520 acrostietmm
731 4475 784 4533 esi,
800 4482 832 4523 ac
846 4477 885 4523 lot
899 4458 1061 4520 Ddetrttdei.

86 4541 224 4596 versibus
237 4545 353 4600 constat,
368 4549 433 4606 quot
447 4545 509 4590 sunt
534 4536 628 4590 litterar
644 4537 720 4605 primi
744 4537 884 4605 versiculi,

88 4612 171 4680 quod
188 4617 337 4670 poematum
352 4621 436 4675 penus
461 4605 519 4672 tuit,
537 4615 565 4660 ut
579 4607 645 4660 aiias
668 4605 791 4669 vidimus,
808 4606 887 4664 lami.

973 4544 986 4582 ι
1001 4534 1091 4603 Forte,
1106 4535 1136 4589 ab
1149 4535 1224 4589 aiere
1237 4544 1337 4605 raptos.
1363 4544 1368 4554 '⁴

972 4602 1087 4661 lencm
1108 4608 1338 4671 corruptissimus,
1350 4605 1392 4661 cui
1405 4603 1572 4662 emendando
1590 4603 1636 4659 ris
1656 4615 1726 4665 cuna

92 4680 174 4736 liare
182 4679 328 4735 Fortunato
340 4693 347 4728 :
363 4676 428 4731 iilud
441 4686 531 4739 autem
552 4676 578 4730 iu
601 4690 680 4731 causa
696 4686 738 4732 est
759 4692 808 4732 cur
821 4692 885 4742 sep·
933 4674 1045 4747 jactura
1058 4674 1156 4745 aliquid
1171 4675 1266 4732 afferre
1280 4674 1363 4747 potui.
1377 4675 1469 4742 Forte,
1483 4672 1608 4731 abducere
1617 4673 1720 4746 topper.

93 4753 191 4808 aenliae
210 4746 347 4810 carminis,
361 4747 456 4801 litteris
469 4745 597 4806 astricta,
612 4760 664 4799 oon
679 4745 748 4801 inter
761 4762 791 4802 se
805 4763 886 4803 accu-
975 4745 983 4784 ¹
1000 4744 1091 4808 Forte,
1108 4745 1143 4799 Te
1156 4745 1274 4803 lattdant.

95 4832 158 4877 rate
173 4821 242 4875 necti
262 4816 396 4872 interdum
416 4817 566 4870 rideantur.
582 4815 732 4870 Admodum
752 4814 815 4871 tero
835 4818 884 4873 de·

101 4897 250 4961 pravatutn,
271 4897 480 4955 corruptumque
503 4887 694 4952 amanuensis,
715 4896 745 4941 ut
767 4888 883 4955 ridetur,

102 4959 216 5022 inscitia,
232 4960 259 5013 in
284 4972 336 5013 ms.
349 4956 446 5011 Codice
466 4954 529 5010 iiiud
545 4956 693 5021 reperitur;
709 4971 740 5011 ac
756 4955 813 5012 ioca
826 4955 885 5029 qui-

102 5033 163 5086 dem
190 5029 242 5083 aiia
269 5025 478 5087 emendarimus,
508 5024 644 5081 merrdosis
667 5027 829 5085 lectionibus
857 5029 885 5082 in

102 5105 178 5155 oetas
201 5096 333 5168 rejectis:
353 5098 420 5164 alia,
439 5095 574 5162 quomodo
602 5096 714 5167 legenda
737 5097 807 5161 sini,
821 5112 885 5154 con·

101 5169 235 5238 lecimus,
263 5168 483 5237 canonicatum
509 5175 614 5224 nostras
645 5166 739 5225 eodem
774 5173 800 5221 tn
827 5169 886 5222 ioco

972 4815 980 4867 i
1001 4814 1040 4869 ile
1052 4817 1204 4883 superabat,
1218 4815 1302 4871 inrito
1316 4823 1414 4873 notro.

972 4885 986 4923 ¹¹
1003 4884 1065 4939 ilion
1079 4900 1093 4937 a
1109 4899 1151 4939 nte
1163 4885 1284 4941 additum
1298 4895 1352 4942 eet.

974 4954 984 4994 ¹
1001 4956 1064 5021 bie,
1076 4955 1204 5010 cernebat.

970 5034 991 5063 ¹²¹
1006 5024 1096 5086 Forte,
1108 5022 1252 5094 Tantaque.

970 5103 985 5132 ἢ
1002 5093 1035 5148 Et
1048 5092 1168 5149 additum
1182 5109 1198 5148 a
1213 5110 1265 5150 me.

972 5174 985 5202 ⁰
1001 5163 1116 5221 Ultimus
1131 5178 1223 5219 uersus
1243 5167 1282 5221 sic
1302 5164 1416 5221 babetur
1437 5163 1464 5219 in
1484 5161 1601 5221 cautes.
1617 5162 1666 5221 Sol
1679 5176 1724 5221 rae

103 5241 276 5295 indicauirmts
292 5256 298 5291 :
318 5239 388 5304 aiia,
408 5237 479 5302 quod
503 5237 570 5291 uiuit
595 5240 620 5290 in
644 5248 759 5292 mentem
782 5240 886 5293 reniret
934 5237 1006 5291 enim
1016 5250 1061 5288 nec
1075 5244 1121 5288 tna
1133 5250 1188 5287 mor
1200 5250 1299 5358 ronam
1311 5250 1338 5290 aa
1349 5235 1457 5307 rtart'rita
1469 5232 1570 5302 ditent,
1580 5232 1723 5309 exquibus

103 5314 170 5379 quod
195 5311 304 5378 dignum
324 5319 398 5364 esset
417 5306 574 5370 Fortunato,
594 5308 659 5362 niitii
680 5308 827 5375 attigimus,
840 5322 884 5376 ac,
936 5306 1024 5361 serbis
1038 5305 1102 5359 niitii
1116 5319 1196 5360 eteeu

104 5392 130 5434 ut
144 5382 170 5434 in
183 5381 250 5434 cod.
262 5392 313 5433 ms.
325 5379 458 5447 leguntur,
474 5378 629 5441 reiinulmus
642 5388 777 5442 corrupta.
841 5399 855 5418 ν

138 5464 149 5492 ⁸
163 5449 328 5520 Quadratum
343 5462 450 5503 carmen
473 5446 536 5502 iilud
550 5448 697 5511 dicebatur,
712 5455 742 5503 ul
754 5445 882 5513 arbitror,

103 5522 170 5589 quod
183 5530 222 5575 tut
235 5520 356 5573 uersibus
365 5517 513 5583 mombar,
524 5528 591 5586 quot
604 5528 682 5574 erant
694 5516 789 5573 litterae
804 5517 884 5587 primi
936 5531 1004 5572 unus
1017 5513 1083 5569 Coti.
1097 5513 1167 5579 ilat..

104 5604 205 5652 tersus,
217 5599 246 5645 et
259 5588 356 5654 singuli
369 5603 463 5643 versus
475 5589 583 5655 paribus
595 5602 707 5643 numero
721 5586 814 5643 litteris
824 5602 886 5643 eoa·

103 5658 248 5717 iescebant.
270 5658 400 5723 i'rimuut,
418 5673 470 5714 non
493 5657 741 5727 pastorinanum
765 5667 886 5726 poemate

103 5742 232 5788 terrarum
249 5728 380 5784 sitiemus.
759 5762 761 5767 -

1210 5320 1271 5369 pere
1286 5307 1367 5376 potui.

971 5386 985 5426 ι’
1004 5372 1072 5429 Edit.
1087 5373 1185 5438 Paris..
1200 5374 1351 5442 Effuttdetts.

971 5443 1267 5528 addit.i'aria.,'12ttnc
1288 5459 1396 5527 corptta:
1410 5453 1439 5501 ei
1457 5442 1490 5508 ad
1512 5456 1606 5517 letius
1630 5440 1723 5513 dudd,

974 5597 984 5625 ι
1002 5584 1076 5665 littus
1090 5583 1155 5639 (iod.
1170 5520 1485 5656 &gammam

973 5664 984 5692 ⁸
1002 5655 1078 5715 limi,
1092 5652 1168 5720 derret
1182 5670 1278 5710 autore.

975 5728 983 5760 ⁸
1004 5723 1073 5779 Edit.
1091 5725 1187 5792 Paris,
1203 5726 1282 5797 repuli
1298 5742 1366 5784 mere
1381 5729 1497 5786 nt'ttrtitt.

1668 291 1721 351 Ν
1777 319 1784 325 .
