3810 6128
130 255 183 313 215

488 254 648 311 vtaaatot
669 252 748 308 otoo.
767 252 872 309 cotto.
894 251 1089 311 romonolo
1108 249 1249 308 oroooto
1263 195 1358 306 'Polis
1376 250 1398 305 Ι.

1703 245 1760 303 Ξῖῦ

130 368 206 437 Quoal
220 367 293 437 prius
303 376 358 432 est.
373 368 431 423 tiore
441 366 521 423 sorite
531 367 613 431 nitet,
629 362 792 422 uenerabilis
804 363 880 429 orbi,
933 371 958 430 Α
977 363 1052 417 Alter
1065 362 1088 418 si
1104 362 1199 431 ploret,
1214 371 1315 425 currat.
1328 368 1392 429 stet,
1406 359 1519 430 pauileat
1534 358 1633 426 intrat,

166 462 272 519 marine
286 462 426 533 preprium
443 476 495 516 aon
512 458 631 514 vitiando
644 457 757 518 bonum.

131 555 255 625 Corporis
270 555 382 610 illaesum
396 568 507 608 servans
520 551 637 620 pretiosa
652 549 800 614 talentum.

166 645 312 715 Perpetuos
328 645 457 710 retinueris,
475 642 565 698 uescia
582 641 667 709 loris,
684 654 759 710 opes.

132 735 189 791 Non
205 738 303 805 premit
317 734 422 789 incluso
437 742 450 769 ¹
467 733 602 804 torpentia
616 732 719 787 viscera
733 729 802 798 leta,

167 829 220 881 Aoo
235 840 316 895 graue
332 824 402 880 locta
415 824 487 894 jacet
502 825 613 894 pignore
625 834 721 879 moesoa
735 836 806 888 suo,

133 916 205 972 lnter
218 916 377 972 anhelantes
389 916 486 971 animae
498 930 546 971 seu
560 915 682 985 corporis
693 922 793 982 aestus,

169 1007 196 1061 ln
209 1007 290 1061 (lobio
303 1007 422 1077 pendens
432 1005 547 1061 stanoine
558 1003 628 1061 sessa
643 1005 725 1060 saluo.

132 1099 244 1167 Quando
259 1100 315 1154 suis
331 1099 428 1168 jaculis
442 1097 511 1152 uteri
527 1097 623 1151 lasura
639 1095 778 1160 tumescit,

169 1194 254 1260 atquae
265 1189 409 1259 uoluptatis
420 1186 541 1243 morbida
552 1185 651 1242 crescit
663 1185 779 1258 Hydros.

136 1280 208 1336 b'lora
224 1279 340 1335 bominis
353 1278 472 1333 bablourn
489 1276 503 1316 l
518 1288 620 1332 tamum
635 1279 704 1332 cutis
720 1275 801 1332 effera
817 1284 921 1349 turget,

171 1372 204 1427 Ut
216 1371 313 1441 putleat
327 1380 441 1426 unatrem
455 1371 518 1436 boc,
533 1369 606 1440 qood
622 1384 714 1425 aruore
727 1371 807 1439 gerit.

134 1466 169 1520 Se
184 1464 265 1533 fugit,
277 1473 303 1517 eo
320 1465 434 1533 propriis
448 1463 600 1517 verecunde
616 1460 771 1530 parentibus
783 1459 886 1522 aufert,

171 1559 260 1611 llooec
273 1556 425 1626 depositum
440 1556 546 1610 sarcina
562 1557 649 1609 soluat
662 1567 742 1608 onos.

135 1651 200 1717 Quois
215 1647 341 1718 gemitonn
357 1655 449 1716 partus
464 1647 552 1702 serbis
565 1659 673 1714 aeqaare
688 1644 808 1700 ralebitl

172 1747 225 1799 Aut
238 1743 281 1798 coi
297 1753 336 1794 tot
350 1742 482 1811 lacrymas
496 1739 617 1794 cannioe
628 1737 694 1793 llere
703 1736 798 1793 racel?

136 1835 202 1889 Com
217 1848 263 1886 sua
279 1839 410 1885 secretum
424 1843 555 1900 compago
569 1828 672 1882 relaxat
689 1829 700 1857 ⁰
717 1827 870 1890 honesturn

172 1932 258 1995 oloqiie
272 1925 366 1979 ololore
380 1924 455 1994 gravi
468 1928 571 1979 uiscera
584 1922 664 1977 lasciuo
678 1922 744 1992 agit.

138 2016 213 2071 Victa
230 2016 388 2086 puerperio,
406 2016 585 2070 membrorum
601 2022 676 2082 porta
695 2009 709 2050 ἃ
729 2010 855 2083 putescit,

175 2107 234 2161 Erit
247 2117 274 2160 ct
288 2105 320 2159 rol
336 2105 421 2159 lucem
438 2107 492 2159 lors
508 2105 566 2158 sine
577 2103 636 2158 loce
651 2118 727 2171 poor.

138 2201 184 2256 Sin
202 2201 273 2254 rirat
286 2198 392 2266 gentious
406 2196 540 2268 portioris,
562 2211 592 2253 se
607 2196 700 2263 oblita,
719 2195 846 2266 requirit.

174 2292 270 2347 Tristis
285 2299 312 2344 et
326 2289 359 2344 aol
375 2301 467 2343 natum
479 2287 579 2344 lumina
596 2299 608 2327 e
625 2288 694 2343 lasso
710 2287 800 2343 traloit.

138 2380 257 2449 Respicit
271 2379 435 2449 expositam,
450 2377 564 2448 neoy'am
576 2393 624 2433 sua
639 2386 736 2445 mator,
749 2379 909 2446 alumnum,

174 2469 239 2535 Quae
255 2468 296 2523 rit
311 2468 375 2522 dnm
391 2468 504 2537 peperit,
522 2468 579 2523 bauo
592 2467 672 2523 morlo
687 2467 766 2524 tanus
781 2467 872 2524 babet.

140 2559 196 2614 Noc
209 2569 294 2612 mator
311 2556 320 2595 ¹
338 2559 438 2613 meruit
453 2557 532 2612 modo
546 2557 616 2620 baec.
634 2573 684 2614 uec
695 2559 771 2627 virgo
784 2558 889 2628 vocari,

173 2653 235 2708 llac
249 2652 302 2706 orto
316 2652 412 2706 darana
425 2650 532 2717 dolens,
546 2666 576 2707 se
591 2650 661 2707 mala
677 2659 758 2723 nupta
773 2653 871 2722 gemit.

140 2757 153 2796 s
168 2745 234 2802 Nam
250 2745 338 2801 tallolo
350 2747 435 2800 luerat
446 2745 540 2799 matris
553 2758 616 2813 spes
630 2755 706 2816 rapta
720 2745 825 2801 tlolore.

174 2839 229 2894 Noc
244 2839 307 2893 lleto
322 2838 376 2893 oali
388 2853 417 2893 se
435 2835 506 2892 loret
522 2836 566 2891 illa
581 2838 632 2892 sui.

140 2932 198 2987 Nun
211 2931 305 2985 cbaras
317 2929 451 3001 lacrymas
464 2929 574 2985 infantis
588 2930 622 2983 ab
637 2944 685 2986 ore
698 2931 840 2998 resorbet,

176 3028 228 3079 aut
242 3033 348 3077 teneras
363 3036 461 3085 uoces,
477 3022 546 3079 lactc
559 3020 670 3088 fluente,
684 3021 763 3091 rapit.

141 3114 236 3171 Tristis
251 3113 386 3184 decrepito
397 3113 507 3168 daranat
519 3128 566 3167 sua
582 3113 684 3167 uiscera
698 3109 712 3151 ¹¹
727 3113 822 3180 lucto„

181 3202 189 3243 l
207 3204 283 3272 Quod
296 3203 379 3273 jocooit
392 3214 487 3267 iratus,
503 3203 572 3257 beo!
589 3202 662 3258 ‹lolet
676 3203 721 3260 ille
735 3204 818 3261 alnos.

142 3294 218 3361 Orootl
232 3294 255 3349 si
270 3293 323 3347 rita
338 3303 429 3348 ruraaet
442 3293 529 3363 pueri,
545 3308 595 3348 nec
605 3307 711 3362 semper
723 3293 845 3350 habenda
859 3339 866 3361 ‚

179 3382 285 3451 lacipiat
303 3392 409 3437 teneros
422 3391 450 3436 ut
461 3380 526 3437 dare
542 3395 608 3437 roce
622 3397 703 3439 sonos
719 3400 725 3436 :

144 3472 302 3541 lioperloroa
319 3471 394 3526 rudis
406 3470 536 3528 collitleos
550 3487 687 3528 marmora
704 3474 817 3544 lingoae.

177 3565 243 3619 Cano
258 3575 369 3619 matrem
383 3562 451 3619 dolel
466 3562 541 3619 lance
555 3577 682 3620 susurros
697 3565 755 3619 alit.

143 3654 338 3721 tlontinpetque
354 3650 441 3719 nieles,
456 3652 577 3720 rapiatur
591 3661 699 3718 pectore
712 3652 822 3718 matris.

178 3742 253 3795 rlloas
267 3741 299 3794 aol
313 3741 439 3794 damnum
453 3740 537 3795 crevit
550 3740 639 3795 edulta
654 3757 743 3797 soum.

143 3832 231 3887 Triste
246 3831 384 3899 flagellatis
397 3832 512 3901 genitrix
524 3830 616 3887 orbata
632 3833 748 3902 capillis,

178 3922 297 3979 llelurocti
313 3921 339 3977 in
352 3921 429 3978 labiis
441 3925 522 3978 obera
535 3923 606 3980 sicca
624 3925 731 3994 premit.

144 4013 288 4069 lnlnndcns
300 4013 454 4085 lacrymas,
478 4013 595 4070 lamenta
609 4015 752 4071 resuscitat
765 4016 873 4084 ardens,

182 4103 215 4158 Et
229 4103 347 4174 gelidum
360 4116 478 4174 corpus,
500 4101 574 4159 lonte
588 4114 707 4175 tepente.
724 4106 805 4160 lat-ao.

146 4193 280 4247 llilaceiat
293 4194 400 4260 taciem,
422 4194 523 4249 crinem
540 4196 636 4260 aulert,
652 4204 760 4264 pectora
777 4197 876 4263 tundit,

181 4283 238 4338 lleoo
254 4284 331 4338 dolor
344 4294 473 4351 armatos,
492 4286 531 4339 sic
544 4301 591 4340 sna
608 4289 728 4342 onembra
743 4287 822 4342 lerlt'

147 4373 175 4431 Si
192 4373 263 4430 violet
272 4376 386 4436 alterius
401 4387 504 4442 aotam,
519 4390 568 4430 sua
585 4378 692 4446 pignora
706 4377 797 4442 debeo.

181 4463 377 4535 AEqoalemtyue
392 4480 470 4519 suam
486 4466 571 4521 tristis
585 4466 676 4522 obisse
690 4469 782 4537 gersoio.

181 4627 194 4654 ⁸
215 4617 289 4673 llutos
302 4618 369 4675 Coul.
387 4619 458 4685 vat..
475 4620 600 4687 torpentia
614 4621 707 4676 oisrero
718 4623 792 4692 yleto.

180 4688 195 4727 ὓ
215 4687 264 4742 Eoi.
280 4689 510 4755 promitteretis.

181 4769 194 4797 ⁰
215 4756 265 4814 tto.
281 4757 354 4823 Par..
370 4771 500 4814 onustato.

181 4827 196 4866 ἅ
213 4827 288 4883 Unus
296 4827 362 4883 Coti.
373 4828 445 4897 ilat..
459 4844 532 4899 portu
542 4832 655 4904 locam.
672 4831 722 4889 llil.
736 4833 808 4897 Por..
825 4834 932 4904 proreta.

183 4907 196 4937 ⁸
213 4896 264 4955 tta.
283 4898 356 4965 Par„
370 4897 437 4968 frasu
449 4899 523 4959 aiibi.

184 4967 195 5006 ¹
216 4967 328 5035 Eadem,
336 4970 427 5024 meruit
439 4972 549 5037 demum.
562 4990 618 5031 arc.

184 5047 198 5087 ί
219 5038 863 5111 llicrersusmaocoslegebaonrinoranibasmss.
876 5045 938 5111 tyni·

149 5108 936 5246 '’llllbbllllllltlllllllltl⁰ll⁰³³⁰l⁶⁶¹³²²²

507 5199 519 5231 b
589 5199 604 5233 0
662 5223 670 5239 .

149 5248 182 5305 Eo
196 5252 222 5304 in
234 5265 289 5306 ano
305 5252 364 5304 llat.
380 5252 419 5308 sic
433 5253 528 5321 legitur
542 5272 549 5308 ε

251 5319 377 5371 'laralltlus
388 5335 447 5385 spes
457 5332 526 5384 rapta
536 5321 645 5375 autores.

143 5389 196 5444 Sed
228 5392 403 5459 posteriorum
438 5393 584 5457 beneflcio,
618 5408 673 5450 suae
697 5395 770 5449 illurn
794 5395 938 5467 lrrtcgritaoi

149 5460 308 5522 resonuisse,
323 5459 406 5516 celero
419 5462 487 5518 idem
502 5463 590 5518 Bmor.

181 5532 199 5568 Λ
220 5530 268 5584 Ed.
284 5528 358 5595 Par„
368 5532 452 5600 y‘uctu.

187 5596 278 5667 illo,
294 5615 353 5670 oytto.

187 5677 195 5717 t
215 5667 270 5724 lloc
290 5684 385 5736 poenus
405 5680 455 5728 sao
473 5673 533 5731 libri
553 5673 660 5731 oiornine
681 5675 781 5746 primus
803 5678 883 5736 etlilio
902 5679 932 5735 G.

1008 455 1077 508 Arato
1089 452 1182 508 oculos
1198 453 1251 507 nati
1267 451 1335 507 loolit
1347 451 1436 521 imago
1450 449 1501 506 soi.

971 545 1057 613 Quem
1073 544 1156 600 semel
1171 543 1277 611 elladio,
1297 559 1344 613 per
1357 552 1455 600 cuncta
1472 551 1608 598 momenta
1631 543 1758 615 requirit.

1012 635 1067 691 llec
1081 634 1187 691 miserae
1200 636 1295 689 matris
1312 633 1410 704 pendet
1420 633 1453 689 atl
1469 649 1516 689 ora
1528 649 1604 704 puer.

971 728 1039 796 Quid
1057 729 1080 783 si
1095 727 1166 782 alind
1181 729 1301 799 gratius,
1319 728 1452 784 moriatur
1466 736 1494 782 et
1510 726 1567 797 lpse
1578 725 1690 798 incultu

1008 821 1073 888 Qum
1084 834 1151 873 nitra
1167 828 1249 883 ntrpta
1267 816 1326 885 laio,
1340 819 1394 886 y'arn
1411 817 1518 871 riolnata
1531 815 1616 887 jacet,

879 907 892 930 ⁸
973 913 1011 968 lle
1027 912 1147 967 tlralaouo
1161 911 1194 966 ao
1217 910 1361 980 tumulum,
1386 911 1467 965 niolo
1490 908 1685 974 candidatam
1705 908 1766 964 olto

1659 1000 1764 1074 [olym

1006 1099 1077 1153 Ante
1090 1098 1187 1168 quibus
1198 1094 1280 1152 caluit
1290 1092 1388 1166 frigida
1403 1093 1523 1151 membra
1537 1102 1620 1151 tenet.

973 1187 1280 1258 enuntiationemque,
1302 1201 1482 1256 perversaque
1494 1196 1555 1241 rota
1570 1185 1714 1242 celebrans

1011 1280 1129 1336 Etorotat
1140 1279 1282 1343 toroculum,
1300 1278 1367 1332 loeo!
1384 1275 1527 1347 spoliando
1541 1285 1641 1331 torum.

976 1372 1055 1440 Saepe
1067 1370 1189 1425 maritale
1201 1369 1298 1441 rapallo
1312 1366 1466 1423 miserando
1479 1367 1646 1436 sepulcrum,

1008 1466 1220 1534 Coortemptaque
1234 1461 1326 1528 donno,
1344 1460 1423 1516 laotos
1437 1475 1529 1515 amara
1543 1459 1621 1516 colit.

976 1558 1106 1613 lncarobit
1120 1556 1232 1622 tumulo,
1246 1554 1342 1618 solatia
1356 1569 1433 1610 cassa
1449 1554 1601 1623 requirens,

1011 1647 1095 1719 Crijos
1107 1646 1232 1704 membra
1247 1647 1332 1717 prius,
1346 1661 1418 1702 nunc
1431 1661 1513 1716 saper
1526 1660 1587 1701 ossa
1601 1645 1710 1715 premio,

939 1731 962 1792 Β
977 1739 1096 1796 Fletibus
1109 1739 1225 1809 irriguis,
1242 1741 1359 1808 perituro
1377 1739 1506 1801 caroniae,
1520 1739 1614 1809 lopeo:

1012 1829 1124 1885 Funeris
1137 1829 1266 1898 obsetyoio
1281 1829 1381 1884 lumior
1398 1831 1485 1899 perdit
1499 1845 1587 1884 aanor.

976 1922 1047 1987 Quot
1061 1919 1130 1975 tusla
1146 1919 1258 1991 plebeia.
1276 1919 1385 1975 ueniant
1400 1922 1460 1988 tyois
1476 1917 1593 1992 pandere
1606 1917 1712 1990 posuit?

1016 2010 1064 2065 Vix
1075 2010 1144 2067 bene
1153 2010 1262 2079 regione,
1274 2024 1335 2080 quae
1348 2009 1457 2064 ritlaata
1472 2020 1571 2065 manet.

978 2102 1036 2157 Non
1060 2111 1122 2157 reto
1141 2102 1306 2171 conjugium,
1327 2102 1376 2158 setl
1398 2101 1516 2171 profero
1536 2101 1646 2172 uirginis
1660 2101 1757 2157 alvom

1013 2193 1089 2262 Quod
1102 2194 1150 2249 dat
1160 2194 1308 2264 apostolica
1326 2193 1425 2250 Paulus
1438 2193 1474 2248 ab
1487 2209 1534 2248 ore
1550 2194 1625 2248 tuba.

978 2287 1078 2358 lnclyoa
1094 2285 1246 2356 virginitas,
1256 2286 1339 2342 coelos
1353 2300 1415 2357 qaae
1429 2287 1494 2352 tlooe
1506 2287 1628 2351 moreris.

1013 2379 1078 2433 Com
1095 2376 1222 2432 tloalamls
1232 2373 1332 2432 Christi
1346 2376 1527 2433 consocianda
1545 2377 1649 2446 places.

980 2469 1086 2525 l'onera
1102 2469 1282 2541 nullagemis,
1298 2469 1358 2526 siae
1374 2470 1459 2526 litaioe
1472 2469 1565 2540 gaudia
1579 2471 1685 2525 sumis:

1017 2562 1296 2631 tonitruorsmpen
1313 2562 1422 2617 nectibi
1437 2559 1562 2618 Christos
1573 2562 1640 2616 obit.

978 2654 1037 2711 lllic
1050 2670 1132 2726 regna
1147 2662 1234 2720 tenes,
1250 2653 1295 2709 bic
1309 2654 1405 2717 riacis,
1421 2663 1449 2708 eo
1462 2652 1567 2722 integra
1582 2650 1681 2723 snoges.

1015 2746 1093 2800 Omni
1109 2754 1165 2815 tuta
1176 2745 1247 2809 loca,
1261 2743 1426 2801 sanctificata
1442 2745 1507 2801 Deo.

980 2839 1043 2894 llrec
1055 2838 1114 2905 tibi,
1129 2838 1210 2894 ebera
1224 2837 1293 2905 lieo,
1308 2837 1410 2892 meritis
1423 2838 1587 2894 recusabilis
1605 2841 1710 2908 Agnes.

1015 2928 1105 2985 0llero
1115 2947 1122 2996 ;
1134 2944 1188 2999 prro
1203 2929 1337 2999 placeant,
1352 2938 1381 2984 ta
1393 2929 1517 2985 lacienilo
1529 2930 1613 2984 curlus.

980 3020 1083 3076 iudicis
1097 3028 1125 3074 ut
1135 3019 1214 3087 y'ossoo
1228 3034 1326 3075 monos
1337 3019 1469 3073 tribuatur
1484 3021 1615 3088 utrisque,

936 3088 965 3150 C
1018 3113 1129 3179 otiando
1142 3126 1242 3169 corona
1258 3110 1316 3178 tibi,
1330 3120 1393 3167 tunc
1408 3110 1472 3165 milri
1488 3111 1528 3163 rel
1546 3111 1634 3163 uenia.

982 3206 1051 3273 tlpto
1065 3218 1112 3271 per
1127 3202 1176 3257 loos
1190 3202 1286 3259 lloctos
1310 3202 1414 3256 animas
1429 3209 1468 3267 to,
1483 3200 1600 3263 Clrrisoe,
1622 3199 1761 3268 gubernes

1007 3295 1133 3359 urbere.
1149 3301 1177 3348 et
1187 3301 1304 3348 autenm
1318 3292 1469 3348 velificante
1480 3291 1579 3346 crocis.

982 3385 1017 3443 Ut
1034 3394 1093 3453 post
1106 3399 1232 3440 emensos
1245 3383 1371 3440 mundani
1387 3383 1498 3453 gurgitis
1512 3394 1604 3449 aestus,

1018 3478 1046 3533 lo
1060 3485 1165 3547 portum
1177 3476 1239 3532 vitre
1253 3491 1302 3531 nos
1317 3484 1361 3531 tua
1376 3476 1468 3531 dextro
1481 3476 1561 3531 locct.

1282 3589 1395 3645 carbo
1413 3590 1467 3645 Vll.

983 3700 990 3751 i
1028 3700 1061 3753 lo
1094 3702 1196 3754 lourlem
1229 3710 1324 3826 rouctyry
1354 3702 1445 3785 lluro'ae
1479 3700 1592 3774 Virqiois
1624 3710 1649 3757 et
1683 3711 1777 3756 mutat

1325 3789 1412 3827 omero.

982 3865 1122 3936 [llaticiaia
1143 3866 1176 3922 tle
1191 3866 1306 3936 Virginis
1330 3877 1406 3936 parto
1421 3866 1492 3921 edila
1513 3874 1650 3932 percenset
1667 3883 1673 3918 :
1692 3872 1773 3929 atauo

1017 3936 1067 3989 alia
1089 3939 1153 3991 item
1178 3939 1260 3992 refert
1291 3940 1397 3993 oracula
1423 3939 1455 3990 al
1482 3936 1629 4000 tibristnnr,
1654 3936 1770 3990 lroetuoo

1018 4009 1117 4062 ventris
1128 4007 1196 4077 cyris,
1212 4009 1370 4075 spectantia.
1389 4009 1483 4062 Fusius
1493 4007 1589 4061 deinde
1600 4007 1772 4074 persequitur

1017 4076 1135 4143 ejusdem
1162 4077 1276 4145 Virginis
1305 4078 1424 4141 [leiparae
1453 4079 1564 4144 laioolea,
1592 4090 1623 4136 ac
1649 4075 1771 4129 coelestis

1019 4146 1043 4198 in
1055 4147 1127 4201 illam
1140 4148 1251 4211 militie,
1263 4162 1295 4201 ac
1308 4146 1658 4213 tooiosuaooraeobsenuium
1667 4145 1769 4200 ‹lescro-

1018 4216 1065 4269 bit.
1082 4217 1121 4270 oltl
1134 4229 1283 4272 extremum
1298 4219 1368 4271 illius
1380 4217 1406 4272 ia
1418 4217 1486 4272 coelo
1497 4217 1659 4285 triarnplnnn
1673 4227 1700 4269 eo
1712 4215 1770 4285 plo·

1017 4287 1081 4342 riam
1096 4285 1300 4358 complectione]

983 4381 1082 4452 Lingua
1094 4382 1282 4452 propluetamm
1297 4381 1393 4436 cecinit
1403 4380 1437 4437 de
1450 4381 1552 4450 virgine
1566 4391 1686 4449 partum,

947 4467 971 4527 Ι)
1018 4473 1114 4526 Nuntia
1130 4473 1180 4527 lert
1196 4472 1272 4527 torris
1287 4473 1397 4540 augelus
1409 4471 1460 4530 ista
1474 4473 1538 4542 poli.

989 4625 1124 4681 Fabricius
1142 4641 1202 4680 corto
1225 4626 1301 4680 titulo
1327 4629 1364 4683 De
1387 4641 1462 4699 portu
1481 4629 1603 4703 torpino.
1627 4629 1771 4689 Morbaclr.

988 4698 1075 4750 censis
1086 4697 1199 4750 aboatnn
1210 4698 1324 4752 celebris
1335 4700 1385 4754 lle.
1398 4701 1523 4756 Colicem
1537 4702 1647 4755 llasileae
1661 4711 1770 4761 nactos.

988 4765 1062 4820 Licet
1076 4780 1155 4834 porro
1166 4766 1199 4819 eb
1212 4767 1335 4823 omnibas
1349 4771 1465 4839 antiquis
1478 4771 1563 4837 libris,
1576 4785 1644 4842 quos
1657 4770 1769 4841 quidem

990 4836 1079 4890 llrorr.
1091 4839 1117 4890 ia
1130 4837 1252 4897 nraaibus
1264 4839 1402 4904 babooerat
1414 4843 1520 4897 abesset
1532 4842 1582 4896 looc
1595 4855 1703 4895 carmen
1714 4885 1722 4910 ‚
1735 4862 1772 4902 ex

989 4905 1087 4960 indicio
1102 4911 1191 4961 taraco
1214 4908 1275 4961 libri
1292 4909 1382 4978 scripti
1402 4912 1558 4966 monasterii
1579 4912 1664 4965 sancti
1680 4911 1769 4982 Galli,

988 4981 1068 5030 etex
1089 4976 1151 5045 styli
1174 4991 1206 5030 sc
1227 4977 1332 5033 ‹liceooli
1360 4980 1535 5036 similitudine
1557 4997 1610 5036 noa
1636 4980 1773 5042 dubitarlt

987 5047 1056 5102 inter
1069 5044 1206 5100 Portansti
1221 5049 1306 5111 Opem
1325 5054 1375 5103 boo
1392 5065 1497 5120 quinque
1514 5066 1607 5122 poema
1623 5066 1769 5120 reponere.

987 5115 1040 5170 llos
1054 5115 1119 5170 illud
1135 5116 1266 5187 integrum
1280 5117 1427 5172 invenimus
1440 5122 1468 5174 in
1484 5137 1537 5174 uno
1552 5136 1638 5190 eoque
1652 5127 1770 5191 perami-

987 5200 1040 5255 qoo
1053 5183 1122 5240 Coo.
1137 5184 1219 5263 ‘Vct-¹,
1234 5186 1298 5240 olim
1310 5189 1482 5245 oioalooonecae
1497 5190 1642 5256 Palatinae,
1657 5192 1684 5244 io
1696 5210 1770 5263 quo.

988 5264 1049 5322 post
1060 5255 1146 5309 litam
1156 5255 1390 5324 sanctimoniale
1404 5260 1478 5314 l'ort.
1492 5263 1613 5316 uersibus
1627 5262 1773 5319 elucubra-

888 5346 891 5351 ·
990 5333 1064 5393 tam,
1080 5327 1205 5380 continuo
1223 5327 1274 5381 lroc
1294 5327 1321 5382 io
1336 5329 1440 5385 laoolcm
1459 5344 1559 5387 sancoae
1574 5333 1662 5387 llariae
1684 5335 1771 5403 rorgi-

990 5396 1043 5459 nis.
1056 5404 1120 5460 etc..
1132 5396 1259 5462 scriptam
1273 5411 1380 5454 carmen
1390 5403 1547 5459 subtexitur.
1562 5402 1590 5456 ln
1607 5403 1690 5458 orobos
1703 5419 1771 5460 raro

990 5466 1222 5535 eliminationis
1236 5467 1288 5522 buc
1307 5483 1390 5538 usqae
1405 5474 1444 5525 nsi
1464 5485 1566 5532 sturnos.
1587 5471 1771 5533 desiderator.

989 5535 1184 5591 Adrootavimos
1197 5538 1284 5591 uarias
1297 5539 1423 5595 lectiones
1436 5551 1490 5595 oum
1502 5557 1534 5596 ex
1544 5541 1611 5597 Cod.
1628 5542 1701 5613 tao„
1713 5556 1773 5602 torto

988 5620 1020 5659 ex
1037 5604 1115 5660 l'abr.
1130 5605 1201 5660 boio.
1218 5605 1310 5673 basil..
1325 5623 1374 5680 per
1388 5609 1468 5669 loon.
1479 5613 1625 5683 Oporinuon
1640 5627 1686 5670 au.
1705 5616 1775 5673 tbb'l

988 5676 1132 5743 corboran,
1147 5675 1309 5747 desumptas.
