3810 6128
130 280 183 338 sot
469 276 633 334 tsbsbttt
653 276 733 335 illiti.
753 276 857 335 cleb.
878 273 1078 336 i‘btttbttltt
1097 276 1241 337 otbnbtt
1262 276 1351 337 PARS
1370 277 1402 337 li.
1710 275 1773 335 titt

129 405 159 451 ut
177 393 302 451 deiuncto
329 391 454 448 redderet
467 392 596 449 animam.
617 391 672 448 Nec
686 400 764 448 antea
779 389 921 447 surrexita
936 397 962 459 Α
977 389 1043 448 illud
1057 392 1173 450 dicentis
1189 392 1294 450 bomini
1309 409 1317 450 ι
1338 390 1463 448 lobrmos
1474 391 1520 460 lui,
1535 397 1563 448 et
1575 390 1709 449 ιιιιιιιιιι
1724 405 1774 450 ιι

129 488 189 544 solo
200 486 287 541 donec
307 493 335 540 et
348 483 474 539 deiuncto
496 483 589 550 vitam,
604 492 631 539 ct
644 483 749 551 captiuo
770 482 921 553 acquireret
972 485 1080 557 (batti.
1095 487 1171 557 xxv),
1195 486 1285 543 statim
1298 485 1477 557 proficiscitur
1490 500 1551 542 cum
1575 486 1690 543 eisdem
1708 486 1772 543 Ve-

130 578 294 633 libcrtutem.
320 574 505 646 Negotiatores
519 574 647 643 denique,
663 583 691 628 ut
708 581 839 629 retroacta
853 587 922 643 pras·
972 575 1048 631 niens
1059 586 1149 632 autem
1163 577 1190 632 in
1201 577 1322 641 domum,
1338 591 1415 633 more
1427 590 1478 631 suo
1487 576 1563 645 prius
1576 576 1725 646 prostravit
1734 590 1771 632 ιι

129 670 247 741 sttmptio
261 668 452 740 indulgeretur,
464 668 556 722 multis
570 666 688 723 donariis
703 667 791 737 ipsum
806 667 922 723 bonoru-
971 665 1178 724 adorationem.
1192 666 1294 724 Deinde
1304 667 1440 724 benedicti
1453 667 1508 723 olei
1522 666 1626 738 liquore
1639 668 1771 725 mulieris

129 771 226 819 ιιιιιιιι
238 761 326 817 locum
340 777 347 827 ;
376 774 438 831 quac
451 774 534 831 prope
547 759 637 816 omnia
651 759 746 817 beatus
761 761 803 816 uir
815 760 841 816 in
857 772 922 815 osus
972 759 1092 815 membra
1108 759 1255 830 perunxit:
1280 773 1342 831 qua
1368 759 1458 816 statim
1481 760 1594 816 omniuo
1619 759 1775 817 incolumis

129 850 432 921 pauperumdeputarit.
972 850 1101 908 surrexit.

164 941 192 995 tl.
208 940 336 996 Nimirum
349 952 489 1010 preterea,
505 948 535 996 ut
544 941 715 999 necessitudo
728 941 802 1012 cogit
816 942 921 998 bruma·
1010 947 1054 1002 ts.
1080 948 1183 1003 interea
1203 946 1267 1002 ditm
1283 946 1381 1002 talibus
1392 945 1486 1002 beatus
1501 945 1543 1002 tir
1555 945 1582 1002 ln
1597 947 1657 1002 rito
1667 945 1778 1003 Calon·

131 1046 175 1096 Μ,
191 1031 293 1086 ‘nivis
304 1033 376 1102 Atto
386 1032 456 1087 haud
468 1032 584 1097 modica.
607 1032 742 1089 mercibus
757 1033 858 1090 rcierts
874 1047 922 1101 per
973 1053 1015 1094 uae
1030 1038 1250 1095 lloreretmcritis
1260 1048 1288 1094 et
1301 1037 1456 1103 uirtutibus,
1469 1037 1686 1109 urbsbndepara
1702 1052 1773 1109 pro·

132 1121 246 1193 Ligerim
256 1122 413 1178 vehebatur.
426 1123 491 1189 Qum
504 1131 597 1179 contra
608 1122 924 1179 Calunnamcumascen·
974 1125 1056 1199 priob
1070 1139 1176 1197 pectora
1185 1130 1318 1187 viduatur,
1335 1129 1410 1185 Tunc
1422 1128 1498 1198 plebs
1510 1130 1646 1186 urbanaet
1659 1132 1776 1186 ιιιιιιιι·

130 1220 217 1285 derut,
243 1220 334 1276 subito
362 1220 467 1275 turbato
486 1234 547 1275 cum
573 1218 683 1274 dauriae
697 1229 790 1289 ponto,
806 1218 883 1272 novis
896 1218 922 1271 in
974 1235 1004 1276 st
1019 1219 1154 1286 nobilitas,
1167 1221 1286 1276 collectis
1299 1219 1380 1276 etiam
1393 1222 1508 1284 undique
1529 1219 1775 1290 sacerdotiorum

131 1313 289 1383 vertiginem
325 1311 487 1367 rotabatur:
514 1309 644 1379 frangitur
663 1319 796 1374 antenna,
811 1316 840 1363 et
853 1320 925 1362 nuuc
975 1325 1056 1366 unum
1071 1326 1169 1367 tenore
1193 1311 1348 1377 consilium,
1372 1313 1564 1382 conquirentes
1591 1310 1652 1382 quis
1671 1326 1775 1367 eorum

134 1417 214 1469 prora
225 1402 373 1472 subrigitur
383 1403 486 1459 eleuata
501 1403 527 1458 in
542 1403 649 1468 lluctus,
665 1415 736 1456 uurrc
759 1400 857 1471 puppis
871 1400 926 1455 de-
974 1401 1098 1457 tubstitui
1111 1401 1221 1458 deberet
1236 1401 1263 1457 in
1281 1400 1435 1470 pootidcale
1447 1400 1636 1457 ministerium.
1650 1398 1711 1457 Sed
1722 1414 1773 1457 ιι·

134 1495 258 1565 primitur
273 1496 488 1551 internudarum
515 1494 614 1549 biatus.
633 1492 699 1547 Victi
727 1506 791 1560 ergo
825 1500 924 1555 naute,
976 1509 1038 1549 tera
1050 1503 1096 1550 aut
1110 1495 1257 1550 nobilitatis
1270 1501 1382 1549 ventoso
1398 1496 1553 1561 lurore,tut
1568 1493 1690 1564 pecuniis
1702 1494 1775 1549 tub·

134 1593 269 1656 tantasque
280 1587 448 1657 tempestatis
461 1586 560 1640 timore
583 1583 730 1653 perterriti,
745 1581 780 1637 de
795 1580 922 1652 praesenti
976 1585 1060 1655 rogati
1086 1585 1119 1640 ad
1143 1587 1209 1640 tanti
1233 1585 1359 1641 culminis
1379 1584 1551 1656 dignitatem,
1575 1585 1684 1654 quidam
1701 1584 1777 1641 allos

131 1678 187 1745 jam
201 1677 376 1744 desperantes
399 1676 498 1741 sainte,
512 1675 603 1730 omnia
618 1674 694 1730 naris
707 1681 873 1729 armamenta
883 1670 925 1741 je·
977 1676 1154 1743 preferebant
1167 1693 1175 1743 ;
1188 1678 1301 1746 inienuus
1315 1678 1342 1731 in
1357 1692 1440 1732 unum
1468 1692 1522 1731 non
1535 1677 1659 1732 valebant
1671 1677 1777 1735 venire

132 1776 227 1824 uertunt
241 1767 268 1822 itt
282 1767 366 1834 littus,
381 1767 468 1822 solum
481 1766 665 1836 praestolantes
687 1765 834 1823 interitum.
856 1762 924 1817 Tum
940 1759 963 1818 b
977 1768 1112 1825 decretum
1129 1783 1184 1835 ;eo
1204 1768 1274 1837 quod
1301 1770 1432 1839 scriptum
1446 1777 1487 1824 est
1512 1768 1599 1840 (Aru.
1616 1767 1678 1833 mla
1696 1768 1776 1839 quod

134 1871 245 1930 repente
260 1860 399 1917 immensis
413 1862 525 1917 uocibus
539 1861 656 1917 clamare
670 1867 822 1925 coepernut,
833 1859 924 1915 dicen-
978 1877 1029 1917 non
1044 1870 1130 1918 estex
1147 1860 1203 1915 beo
1213 1859 1365 1924 consilinm,
1391 1875 1445 1917 non
1459 1861 1557 1929 poterit
1569 1876 1688 1929 unqnnn
1715 1869 1777 1917 aas.

135 1960 175 2007 tes
190 1950 346 2019 :Miserere
360 1952 400 2007 tir
415 1951 527 2018 Cbristi,
547 1948 651 2007 llaurili
668 1968 677 2017 ;
692 1964 819 2007 succurre
834 1961 926 2006 nostro
976 1955 1057 2018 biliri,
1071 1955 1119 2010 sed
1147 1954 1226 2008 solui.
1242 1953 1312 2008 bum
1328 1967 1393 2024 ergo
1409 1954 1467 2009 brec
1479 1952 1594 2009 tortosn
1616 1953 1775 2023 volverent,

133 2042 286 2114 rraulragio,
303 2052 379 2114 potes
392 2043 465 2100 enim
478 2043 602 2101 obtinere
616 2059 632 2099 a
651 2043 775 2109 cbristo,
790 2044 925 2116 quiritum
977 2060 1028 2102 nec
1039 2046 1152 2101 delinire
1162 2045 1292 2107 ualerent,
1303 2046 1392 2101 subito
1406 2045 1608 2116 sanctissimum
1620 2045 1773 2105 'lurorrieae

132 2132 271 2203 acquisisti
283 2133 420 2190 deiurtcto.
442 2133 482 2190 bd
505 2149 620 2204 quorum
635 2148 715 2190 uoces
728 2148 876 2204 exsurgens
891 2134 925 2191 ab
977 2140 1049 2194 sedit
1079 2139 1309 2208 archiepiscopum
1336 2139 1474 2193 atrotiotur
1498 2139 1593 2194 edesse
1613 2138 1776 2196 llartiouttt.

133 2223 254 2282 oratione
268 2226 416 2294 llauriliut,
432 2225 530 2284 lestine
540 2228 701 2284 cucurritad
717 2229 793 2283 littus
806 2268 814 2294 ,
825 2238 854 2283 et
869 2229 927 2284 ele·
978 2228 1063 2299 llulus
1076 2228 1140 2284 dum
1157 2243 1226 2298 pene
1251 2242 1347 2284 omnes
1360 2229 1520 2284 senitentiam
1535 2230 1775 2297 prestolarentur,

134 2327 196 2371 rato
207 2317 235 2373 in
249 2318 394 2375 aduersum
412 2322 501 2375 crucis
526 2320 926 2391 sigumimperatprocelloenc
977 2323 1034 2377 ait:
1052 2321 1230 2388 Virilratres,
1259 2321 1533 2377 tuditeetatteodite
1559 2320 1705 2378 consilium
1730 2323 1780 2378 bo-

134 2408 251 2464 saeviret.
265 2408 369 2464 Cedunt
380 2425 440 2465 uror
453 2411 575 2480 deposito
587 2411 675 2481 rigore
695 2412 841 2481 spiramina
859 2429 865 2464 ι
882 2420 925 2465 tu·
978 2429 1051 2469 num.
1066 2413 1132 2481 Quia
1154 2413 1209 2469 lieo
1223 2411 1300 2468 vobis
1313 2414 1414 2469 electus
1426 2423 1469 2468 est
1481 2413 1609 2483 pontifex,
1623 2415 1714 2483 ipsum
1728 2430 1776 2471 su·

134 2507 287 2556 messenios
303 2499 381 2556 unta
396 2508 535 2555 vertrmtur
553 2502 579 2555 itt
601 2514 720 2571 equora,
740 2500 925 2568 subsequitur·
976 2504 1072 2572 scipite
1085 2505 1262 2560 sacerdotem.
1275 2504 1697 2569 Sartellattrilius,Calonnensis
1721 2506 1778 2563 Ee.

134 2607 188 2658 nus
200 2606 295 2647 serena
317 2592 505 2663 tranquillitas,
521 2592 652 2663 illaesique
664 2602 752 2649 naute
764 2591 798 2647 ad
819 2601 925 2662 portum
977 2596 1068 2651 clesiae
1081 2596 1234 2667 presbyter,
1250 2594 1303 2650 erit
1313 2594 1433 2664 rionriter
1445 2603 1545 2651 uester.
1561 2595 1636 2662 Quod
1658 2596 1779 2653 audien-

135 2693 257 2754 optatum
269 2683 385 2741 toticiter
399 2693 590 2755 perueuomnt.
979 2696 1028 2753 tes,
1043 2687 1131 2742 mirati
1145 2694 1208 2742 surrt
1223 2686 1289 2741 :sed
1303 2687 1363 2756 quia
1377 2685 1488 2741 blaurilii
1496 2687 1552 2756 iam
1567 2696 1703 2741 nonenut
1717 2688 1778 2745 ιιι·

172 2778 217 2834 lb.
231 2777 297 2833 Erat
324 2777 456 2834 lumiliare
474 2779 552 2833 beato
568 2779 637 2844 tiro,
658 2785 688 2832 ut
703 2790 773 2832 nuuc
787 2776 926 2843 ccclesias,
979 2783 1049 2832 tutes
1075 2785 1103 2832 et
1130 2775 1245 2840 met-ita,
1261 2776 1406 2845 postposita
1420 2774 1475 2845 iarn
1503 2775 1584 2845 priori
1606 2776 1776 2846 ignorantie.

136 2869 334 2925 nuneiubrutos
342 2868 928 2941 uuouumuorbibeibdelissimusditpcnsa·
978 2870 1068 2926 statim
1084 2870 1141 2940 pari
1154 2877 1244 2925 mente
1256 2883 1288 2924 uc
1303 2880 1365 2925 roto
1390 2870 1417 2924 in
1437 2884 1515 2923 tunam
1540 2884 1639 2926 reuera
1660 2881 1777 2928 sentem

133 2970 178 3016 tor
186 2962 349 3019 circumiret.
367 2963 401 3019 Et
413 2979 446 3019 nc
458 2963 525 3020 ultro
534 2964 643 3019 niodum
655 2962 926 3035 latigatusdebceret,
980 2963 1064 3027 tiam,
1091 2969 1255 3029 acceptoque
1280 2959 1382 3015 domini
1406 2960 1600 3030 archiepiscopi
1623 2972 1779 3031 precepto,

138 3054 367 3110 babebatbnmilis
377 3054 598 3122 sessorasellnm,
614 3070 665 3125 quo
675 3055 775 3124 saepius
788 3054 923 3109 utebatur.
978 3054 1118 3112 celerrime
1131 3053 1248 3126 dirigunt
1260 3052 1293 3108 ad
1324 3053 1411 3108 tirum
1424 3053 1490 3108 bri:
1515 3050 1777 3127 uuemsilliorte,

137 3147 222 3212 Quieto
234 3148 370 3203 nocturnis
385 3147 452 3203 latro
465 3148 631 3218 temporibus
644 3146 726 3201 iurari
740 3162 793 3201 non
819 3145 924 3202 metuit.
978 3145 1023 3218 erl
1037 3145 1159 3216 episcopi
1170 3145 1339 3211 auctoritate,
1352 3146 1386 3201 de
1396 3144 1503 3214 propria
1517 3154 1622 3213 raptum
1637 3145 1778 3212 Ecclesia,

137 3236 191 3291 Srrl
206 3236 309 3301 inlelir,
322 3238 384 3293 dum
401 3238 502 3293 iuratur
512 3237 636 3303 asellum,
653 3237 780 3307 arripitur
794 3251 809 3291 a
823 3236 927 3293 daemo·
979 3237 1085 3294 blartini
1110 3238 1264 3308 praesentire
1286 3237 1421 3294 nolentem
1435 3239 1542 3292 sistunt.
1566 3236 1618 3304 Qui
1632 3237 1699 3293 dttrn
1714 3252 1780 3293 cum

136 3330 192 3393 trio,
207 3338 234 3384 et
252 3330 292 3384 sic
308 3331 429 3395 «leubus,
446 3346 493 3400 per
514 3340 595 3385 totam
610 3338 716 3384 noctem
740 3327 859 3383 illuditur
882 3343 929 3383 ua·
978 3329 1010 3383 B.
1022 3327 1284 3384 llartinoeeclesiom
1315 3327 1510 3397 ingrederetur,
1524 3328 1616 3382 stetim
1635 3328 1670 3382 td
1680 3327 1776 3384 decia·

136 3422 284 3492 paltoudus.
300 3423 377 3479 Matre
394 3432 483 3479 autern
504 3422 624 3486 reddito,
639 3430 700 3474 anto
713 3419 785 3476 lorus
803 3418 875 3476 beati
888 3419 928 3474 si·
980 3419 1061 3474 rnnda
1078 3419 1143 3474 tanti
1155 3418 1305 3475 sacerdotis
1318 3418 1425 3484 merita,
1442 3418 1646 3474 rtivoocondore
1664 3418 1778 3475 colunt·

138 3516 171 3581 ri,
185 3515 305 3572 estensis
320 3514 444 3588 {burensi
459 3516 516 3585 ipse
534 3515 617 3570 adluit
637 3528 697 3569 curn
714 3512 810 3579 asello,
823 3511 927 3567 crimen
978 3512 1013 3567 ba
1027 3511 1155 3566 diuinitus
1170 3512 1279 3580 elapsa,
1295 3523 1377 3577 super
1392 3521 1471 3580 caput
1482 3510 1569 3578 ipsius
1582 3508 1730 3566 descendit
1743 3522 1778 3567 ac

138 3606 209 3676 quod
223 3606 398 3663 corrrmiserut
412 3606 511 3662 inuitus
525 3605 677 3662 corilltetur.
692 3603 793 3658 Deinde
805 3610 929 3672 arreptus
979 3604 1058 3660 sedit.
1078 3604 1154 3672 erod
1180 3602 1301 3659 uidentes
1325 3601 1427 3669 multi,
1454 3601 1594 3656 unanimes
1623 3615 1677 3655 uua
1706 3616 1777 3659 roeo

137 3697 312 3763 admmonio,
328 3700 417 3769 lugere
429 3698 520 3752 nititur
536 3712 569 3752 ne
584 3707 702 3752 curetur.
718 3695 769 3751 Sed
783 3693 929 3750 virbeatus
978 3697 1215 3754 conclamaverunt
1227 3692 1378 3749 bluuriliunt
1401 3693 1558 3763 episcopatu
1569 3692 1777 3761 dignissimum,

134 3786 263 3844 luriusnm
278 3802 328 3857 per
348 3787 491 3843 exorcismi
515 3785 628 3857 ιιιιιιιιι
655 3785 728 3855 prius
738 3801 753 3839 a
765 3784 887 3840 daemone
897 3785 929 3838 li·
979 3805 1032 3845 non
1044 3788 1078 3844 ab
1090 3787 1244 3843 bominibus
1257 3796 1373 3849 tantum,
1398 3785 1445 3841 sed
1461 3785 1495 3839 ab
1510 3782 1705 3852 omnipotente
1719 3784 1779 3839 ele·

137 3878 358 3947 terruiuslinum
370 3894 385 3933 a
398 3876 524 3942 erirnine;
540 3885 650 3947 recepto
659 3879 745 3944 asino,
761 3875 883 3932 absoluit.
896 3876 929 3931 Et
978 3890 1049 3936 ctum
1067 3888 1094 3932 et
1105 3878 1328 3934 demonstratum.
1341 3876 1417 3931 Tune
1428 3874 1579 3941 llauri¹ius,
1595 3874 1780 3929 miraculose

134 3972 199 4042 quio
224 3970 386 4026 necessitate
404 3977 523 4039 coepcrat
544 3969 624 4025 iurari
636 4009 645 4037 ,
659 3983 711 4024 non
727 3968 803 4037 titio,
819 3974 875 4024 tres
888 3967 929 4023 in·
980 3971 1103 4041 precibus
1116 3970 1213 4036 rictus,
1227 3968 1342 4038 implens
1357 3976 1531 4039 praeceptum,
1545 3968 1663 4037 suscepit
1682 3982 1780 4022 noer.

135 4074 218 4132 super
232 4059 270 4114 ilti
285 4073 382 4116 aureos
395 4059 479 4124 dedit,
493 4074 525 4115 ac
535 4058 647 4117 dimisit.
978 4064 1090 4119 dotium.
1105 4061 1182 4128 llam,
1208 4069 1238 4115 ut
1252 4059 1328 4114 multi
1347 4058 1440 4113 ridere
1469 4063 1641 4123 meruerunt,
1664 4056 1780 4125 quoties

173 4152 216 4208 ll.
233 4152 352 4208 llatrona
371 4153 494 4222 quadam
509 4152 618 4219 nobilis,
639 4150 930 4220 prodires,senatorio
979 4156 1074 4211 beatus
1098 4153 1226 4208 llurtinus
1246 4150 1279 4206 ad
1302 4164 1406 4205 sacram
1421 4146 1596 4204 enumerandi
1622 4146 1780 4203 sacerdotis

135 4260 168 4300 ct
180 4260 281 4315 pestere
294 4245 419 4312 oriunda,
434 4245 538 4301 burrella
565 4247 694 4310 nomine,
717 4247 791 4314 graui
810 4253 930 4314 coepertt
979 4245 1191 4303 benedictionem
1204 4257 1285 4311 super
1295 4250 1376 4310 caput
1394 4240 1453 4308 eius
1467 4236 1635 4295 extendisset
1646 4252 1778 4303 martum,

137 4336 309 4391 incommodo
321 4334 421 4405 urgeri.
436 4334 513 4403 Quod
531 4349 592 4390 cum
618 4351 665 4403 ιιι
687 4335 828 4392 duodecim
844 4350 930 4392 annos
978 4353 1084 4408 semper
1097 4339 1121 4394 ei
1136 4335 1245 4406 praelata
1260 4334 1360 4391 aditum
1375 4334 1456 4390 dabat
1469 4333 1604 4390 columba.
1622 4331 1729 4403 Sitque
1744 4332 1777 4387 lt.

138 4425 308 4496 prrrtulisset,
324 4440 472 4494 omnesque
488 4440 532 4481 res
546 4440 609 4481 siras
620 4426 646 4480 in
669 4427 833 4481 medicorum
856 4435 928 4483 artes
979 4430 1101 4486 llanrilio
1117 4426 1239 4497 pontillce
1254 4427 1413 4492 coristitnto,
1428 4433 1454 4479 et
1483 4424 1513 4480 li.
1528 4421 1645 4479 llartino
1656 4422 1694 4477 td
1711 4436 1777 4493 pro-

137 4517 318 4588 rupenderet,
333 4518 435 4573 nullum
450 4516 642 4574 incolumitatis
654 4517 801 4574 retnedium
817 4518 926 4588 assequi
942 4486 1065 4592 ⁰priam
1079 4518 1171 4575 sedem
1186 4530 1321 4587 regresso,
1334 4523 1444 4571 sanetus
1458 4514 1587 4570 blartiuus
1601 4510 1709 4569 rolerre
1724 4528 1775 4571 so·

137 4609 291 4665 merebatur
304 4626 313 4677 ;
324 4620 352 4665 et
368 4618 469 4681 quanto
484 4608 617 4665 curiosius
632 4618 716 4664 toturn
728 4609 794 4665 artis
808 4624 865 4666 suae
883 4608 927 4667 iu·
977 4613 1041 4668 litus
1053 4618 1112 4666 erat
1125 4606 1196 4679 quod
1210 4609 1243 4661 od
1252 4606 1465 4663 benedicendum
1479 4612 1603 4661 sanctum
1616 4603 1778 4661 ldaurilittttt

135 4704 241 4773 ponium
256 4705 282 4758 in
298 4704 370 4759 illam
396 4704 551 4774 impendere
565 4703 729 4758 studuissent
744 4742 754 4769 ,
770 4714 844 4758 tanto
857 4717 928 4759 sem·
979 4703 1131 4774 pontillcem
1144 4702 1170 4756 in
1185 4699 1317 4755 columbrc
1341 4699 1434 4768 specie
1458 4712 1511 4753 non
1531 4695 1620 4753 solum
1649 4694 1780 4766 Spiritus

138 4811 187 4866 per
200 4796 319 4852 (letemus
335 4795 506 4853 incommodo
521 4796 691 4867 gravabatur.
708 4794 774 4849 cum
791 4804 880 4850 tutem
893 4794 927 4849 de
977 4801 1095 4861 strictus,
1106 4791 1153 4847 sed
1163 4792 1243 4846 etiam
1258 4788 1373 4845 adiuerit
1386 4788 1544 4857 angelorum
1558 4786 1714 4842 exereitus.

134 4891 193 4958 rjus
216 4890 331 4945 sanitate
345 4889 531 4959 desperantes,
551 4898 676 4959 parentes
700 4887 735 4942 de
748 4887 814 4944 solis
835 4877 927 4956 sepul·
1016 4887 1060 4941 lb.
1086 4882 1217 4938 Ordinato
1246 4880 1382 4950 itaqneud
1404 4880 1553 4936 custodiam
1567 4876 1667 4934 Cirristi
1682 4878 1778 4935 orium

136 4994 204 5038 ttrrae
218 4982 378 5038 necessariis
403 4981 601 5048 admonerent,
623 4983 660 5037 ait
681 4981 724 5036 illa
740 4978 854 5034 amicis:
876 4977 925 5041 lte,
977 4975 1100 5033 lluurilio
1112 4973 1249 5045 pontibce,
1266 4971 1379 5026 tantuin
1402 4985 1437 5026 eo
1453 4969 1559 5026 bomini
1574 4969 1661 5038 gratia
1678 4968 1779 5027 rutila·

135 5075 407 5145 rnrriteouantocius
431 5069 854 5130 adbertumuirumllaorilium
872 5086 879 5122 :
900 5076 928 5125 st
977 5068 1034 5133 bat,
1049 5076 1078 5123 ut
1092 5079 1146 5121 non
1161 5064 1264 5119 minora
1276 5076 1325 5133 per
1337 5076 1398 5116 eum
1415 5076 1496 5131 uuam
1509 5060 1610 5116 dudum
1624 5074 1677 5131 per
1689 5074 1778 5131 apos·
1824 5090 1832 5101 ·

134 5168 158 5219 si
174 5167 296 5223 obtinere
310 5167 449 5235 potueritis
459 5176 489 5222 ιιι
500 5166 535 5221 ab
548 5168 594 5220 illo
608 5180 714 5219 merear
725 5161 842 5227 visitari,
861 5174 927 5216 con·
977 5161 1047 5216 loliis
1072 5157 1147 5227 signu
1162 5164 1190 5211 et
1211 5152 1339 5210 miracula
1355 5152 1461 5209 licrent.
1478 5153 1545 5208 llam
1560 5159 1667 5209 tautum
1681 5152 1778 5211 robis

137 5261 190 5316 lnlo
205 5259 274 5331 quod
289 5260 433 5329 peripsum
447 5258 571 5314 restituar
581 5255 699 5311 sanitati.
713 5255 790 5309 'lunc
801 5260 928 5324 parentes
977 5254 1114 5310 demones
1138 5249 1280 5320 eliogabat,
1307 5257 1425 5320 aegrotos
1439 5249 1496 5303 sola
1510 5249 1633 5305 oratione
1647 5248 1776 5313 curabat,

136 5370 168 5408 sc
187 5352 266 5408 tritici
295 5365 405 5422 perpete
430 5367 510 5407 cursu
526 5366 574 5419 pro
588 5347 687 5405 lomina
711 5347 818 5402 beatum
839 5346 926 5401 tirum
977 5347 1057 5404 caecis
1083 5344 1263 5416 signocrucis
1286 5342 1374 5399 risum
1400 5341 1538 5408 reddebat,
1553 5340 1720 5413 paralyticos
1741 5340 1777 5397 ad

137 5446 271 5509 adierunt,
298 5445 349 5515 piis
363 5443 485 5513 precibus
510 5440 676 5513 postulantes
691 5446 720 5507 ιι
733 5446 862 5508 tarcum
874 5450 926 5493 tua
978 5437 1119 5510 pristinam
1144 5434 1289 5490 sanitatem
1313 5432 1465 5488 medicante
1491 5434 1588 5489 merito
1612 5434 1774 5489 reuocabat.

137 5534 443 5592 miserationorisituret.
458 5534 507 5591 llle
518 5533 562 5588 ubi
571 5532 622 5588 ιιι
632 5528 928 5596 audirit,remioiscens
978 5533 1048 5590 Sunt
1071 5528 1153 5587 etium
1176 5527 1234 5597 eius
1249 5524 1364 5598 plurima
1388 5525 1516 5581 nriracula
1540 5524 1606 5590 alia,
1621 5540 1697 5596 utrm,
1712 5526 1776 5583 licet

174 5712 186 5739 ⁸
203 5704 385 5774 Magttobodus
400 5703 495 5776 plurali
508 5703 615 5761 nomine
629 5717 704 5759 nutes
719 5701 855 5773 exprimit.
980 5681 1518 5828 sisnllgiptiltgcsslssztrzgrgfffifflconstat
1533 5694 1566 5738 cs
1591 5679 1774 5809 intricantes.-
