3810 6128
139 258 192 314 ill

746 256 960 316 bnsttnnttitl
977 256 1189 319 canbatctitt.

1710 261 1763 322 iil

140 390 196 431 non
221 373 293 430 enirn
311 373 397 428 haercs
417 372 467 428 erli
485 371 553 426 lllius
577 370 680 426 auditae
702 386 763 426 cum
792 370 848 426 llllo
865 385 926 426 meo
940 376 965 437 Α
978 372 1181 442 laribus.llnde
1195 389 1248 431 riou
1260 383 1302 432 est
1314 375 1411 431 libera
1432 375 1534 446 laqueis
1548 376 1658 446 dlaboll,
1673 378 1718 448 qui
1733 396 1763 435 se
1845 457 1849 467 Ι

139 467 224 522 isaac.
246 465 322 521 llnde
340 479 401 520 curn
423 463 542 518 societas
567 462 720 533 nuptiarum
741 461 777 516 lta
792 461 826 517 ab
849 460 926 516 initio

138 555 288 611 constituta
299 554 346 621 eit,
358 560 386 607 at
397 560 615 622 praetersexuum
627 550 855 620 corrjunctionem,
866 563 927 620 quse

138 647 253 702 liaberet
265 646 291 700 in
305 645 405 700 Christi
415 652 443 698 et
456 642 582 699 Ecclesiae
594 651 803 711 sacramentum,
817 642 927 715 dubium

138 756 195 796 non
208 747 250 794 est
261 753 322 794 earn
340 737 480 793 mulierem
504 751 559 790 non
582 736 719 806 pertinere
737 734 772 790 sd
785 734 926 789 matrimo-

137 833 226 900 nium,
236 832 264 886 in
275 845 329 900 qua
341 829 455 885 docetnr
465 827 583 896 nuptiale
596 842 649 881 nnn
661 826 744 883 lotae
758 826 925 898 mysterium.

139 923 223 991 igitur
236 919 378 990 cujuslibet
391 919 442 974 loci
457 917 572 973 clericus
584 917 607 973 si
624 917 704 971 liliam
717 931 792 972 suam
807 915 865 970 niro
879 918 923 968 ba·

137 1013 214 1068 beuti
228 1012 406 1069 concubinam
431 1010 458 1065 in
474 1008 672 1064 matrimonium
692 1007 806 1072 dederit,
821 1021 874 1061 non
889 1014 925 1058 ria

136 1102 325 1173 accipiendum
340 1110 392 1169 est,
406 1101 482 1170 qnasi
496 1115 556 1154 enm
576 1100 720 1167 conjugato
741 1097 855 1159 dederit,
874 1112 901 1150 m
918 1113 924 1149 r

138 1191 208 1248 loric
223 1190 267 1246 illa
280 1190 412 1246 mulieret
433 1191 548 1258 ingenua
563 1190 644 1252 lacta,
656 1197 684 1243 ct
693 1188 785 1242 dotata
796 1187 923 1255 legitime,

136 1290 166 1338 et
185 1280 302 1354 publicis
317 1280 417 1350 nuptiis
431 1279 571 1335 honestata
595 1277 734 1332 uideatur:
750 1283 864 1345 paterno
880 1290 924 1328 ar·
991 1318 998 1332 .

136 1373 220 1429 bitrio
236 1373 299 1428 uiris
317 1371 418 1442 iuncta
432 1380 525 1427 carent
545 1370 634 1439 culpa,
650 1369 673 1424 si
693 1368 890 1438 mulieresque
909 1383 924 1421 a

136 1464 399 1531 annumerantur,
415 1464 442 1519 in
457 1463 628 1519 matrimonio
643 1477 696 1516 non
711 1461 836 1516 luerunt:
852 1459 925 1515 aliud

134 1563 179 1612 est
190 1564 284 1624 nupta,
298 1554 369 1609 aliod
383 1554 543 1610 correubina.

173 1664 314 1724 ccxxxi.
330 1665 405 1725 (laad
417 1681 468 1720 nun
482 1665 516 1719 sit
526 1665 640 1735 ‹aiijirqii
654 1663 806 1731 duplicatio,
822 1679 879 1717 cnut

271 1753 312 1791 aa.
322 1737 368 1791 illa
379 1752 405 1790 c:
411 1740 487 1805 pulsa
500 1752 566 1789 arar
576 1735 773 1790 intromitainr.

108 1879 117 1894 ·
164 1849 419 1920 liedecretispapoe
444 1847 550 1915 leonis,
569 1849 608 1902 tii.
624 1847 668 1903 lli.
690 1846 821 1902 Ancillam
836 1854 849 1882 ι
864 1861 923 1901 ma·

133 1951 214 1999 trum
230 1950 340 2011 accepta
351 1939 480 2010 abjicere,
497 1947 525 1994 et
550 1954 662 1994 uxorem
677 1945 758 1993 certo
778 1937 924 2006 ingenuita·

133 2031 170 2087 tis
180 2030 314 2100 accipere,
337 2044 392 2084 non
407 2027 553 2099 duplicatio
571 2026 700 2098 coniugii,
717 2026 763 2081 scd
786 2026 923 2097 prolectas

133 2130 178 2178 est
200 2122 362 2176 honestatis.
377 2118 517 2190 culpanda
532 2126 574 2174 cst
586 2132 652 2173 sane
673 2117 765 2173 talium
787 2116 925 2186 negligen-

132 2214 181 2280 tia,
198 2211 246 2269 sed
274 2228 326 2269 non
340 2213 449 2283 penitus
464 2210 694 2283 bdepecuniam
710 2210 811 2265 crebris
825 2210 924 2265 erbor-

131 2303 280 2358 tationlbus
303 2303 416 2370 incitati,
442 2303 514 2373 quod
549 2301 704 2357 necessario
735 2301 923 2371 expetiverunt

132 2390 252 2448 ddelitcr
275 2401 468 2461 exsequantur.
484 2393 568 2447 Nemo
584 2391 657 2446 enim
675 2391 857 2462 desperandus
870 2398 921 2458 cst,

131 2483 197 2537 dum
210 2482 238 2538 in
258 2482 311 2538 hoc
335 2497 450 2552 corpore
473 2482 636 2536 eriastitotus
650 2482 774 2552 est,quia
799 2496 923 2536 nonnun-

131 2586 214 2642 quam
226 2572 300 2643 qaod
311 2572 457 2628 diffidentia
467 2572 555 2627 colatis
569 2572 701 2640 dillertur,
713 2573 824 2629 consilio
835 2583 923 2628 matu·

131 2660 362 2732 rloreperdcitur.

131 2792 288 2851 ccxxxii.
305 2791 343 2849 De
357 2775 535 2850 commuuione
553 2795 668 2865 priuatis,
685 2803 709 2848 et
726 2795 762 2847 ita
781 2769 920 2864 deferretis.
965 2817 967 2820 >

128 2955 132 2959 .
168 2907 210 2982 Ea
232 2908 342 2963 decretis
363 2924 439 2976 papae
461 2907 565 2973 Leonis,
592 2909 634 2962 tit.
659 2907 702 2962 io.
724 2906 921 2961 llorumcausa

977 464 1077 520 militiae
1089 466 1231 521 mundanae
1245 466 1360 522 nolucrit
1371 465 1518 538 implicare.

977 597 1140 682 ecttxtttit.
1150 601 1231 688 'Quod
1243 603 1434 684 adolescens,si
1447 609 1553 684 aequate
1566 598 1676 671 qrrolibet
1692 615 1761 681 mor·

1012 677 1044 722 trs
1058 685 1170 735 perarua
1194 681 1370 738 penitenciam
1389 678 1504 741 persecet,
1521 680 1545 723 et
1563 686 1614 724 aaa
1628 686 1655 723 se
1678 678 1762 723 contr·

1011 741 1104 804 tenerit,
1119 741 1207 795 aroris
1221 743 1310 796 debeat
1325 742 1436 796 remedia
1450 739 1600 797 sustentari.

1012 868 1053 924 Ea
1067 869 1175 927 decretis
1187 888 1263 943 papae
1286 871 1379 937 deam,
1396 875 1437 929 iit.
1463 871 1508 927 25.
1528 871 1557 928 lu
1579 869 1759 926 adolescentia

890 1006 895 1015 .
975 960 1135 1016 constitutus
1154 961 1186 1028 si,
1202 972 1314 1032 urgente
1327 972 1373 1018 aut
1386 972 1457 1018 metu
1471 962 1576 1026 mortis,
1590 958 1762 1029 autcaptivi-

893 1095 899 1107 .
918 1097 924 1107 .
976 1051 1039 1105 tatis
1060 1051 1188 1121 periculo,
1205 1053 1389 1120 norinatim
1409 1053 1502 1121 gealt,
1517 1059 1545 1107 et
1557 1059 1650 1122 postea
1661 1049 1761 1104 timeas

976 1142 1077 1210 lapsum
1089 1144 1288 1198 incontinentias
1303 1144 1414 1199 renia'is
1425 1143 1548 1213 copulam
1562 1142 1654 1199 uxoris
1667 1140 1759 1210 clegit,

975 1244 1009 1284 ne
1023 1229 1124 1284 crimen
1146 1229 1326 1286 fornicationis
1350 1232 1511 1299 incurreret,
1531 1245 1589 1286 rem
1603 1230 1709 1286 ridetur
1721 1230 1761 1285 le-

974 1334 1043 1374 crsse
1057 1319 1200 1386 venialem,
1216 1321 1239 1375 si
1254 1328 1353 1391 praeter
1370 1321 1514 1391 conjugem
1535 1320 1635 1375 nullam
1649 1320 1760 1375 omnino

974 1412 1139 1482 cognoverit.
1155 1411 1182 1466 ln
1194 1428 1247 1480 quo
1260 1421 1414 1468 tamennon
1427 1413 1547 1481 regulam
1562 1411 1762 1476 constituimus,

973 1503 1021 1560 sed
1035 1503 1098 1573 quid
1112 1505 1146 1560 sit
1161 1503 1328 1559 tolerabilius
1347 1503 1525 1569 aestimantem
1539 1518 1600 1558 aem
1613 1502 1761 1558 secundum

973 1610 1067 1652 ueram
1081 1597 1263 1667 cognitionem
1288 1597 1355 1651 nibil
1373 1596 1459 1666 magis
1469 1595 1495 1651 ci
1509 1594 1633 1664 congruit
1644 1592 1689 1662 qni
1703 1606 1761 1664 par·

938 1715 962 1777 B
976 1689 1114 1742 nitentium
1130 1689 1223 1757 gessit,
1235 1701 1315 1756 quam
1331 1687 1442 1742 castitas
1456 1699 1631 1757 perseuerans
1645 1691 1673 1739 et
1686 1697 1763 1738 irien-

976 1777 1009 1831 tis
1022 1784 1049 1831 et
1062 1776 1191 1845 corporis.

1000 1907 1174 1964 ccxxxiiii.
1192 1909 1266 1975 Qtiod
1280 1910 1445 2034 egidiaczmis
1455 1909 1561 1963 caereale
1574 1907 1728 1965 concamium

1324 1996 1387 2051 nepe
1398 1997 1440 2034 ar.

1008 2088 1050 2143 Ec
1063 2091 1171 2145 decretis
1187 2105 1262 2161 papa
1286 2089 1379 2158 leon,
1395 2091 1435 2143 tit.
1452 2089 1497 2144 ill.
1512 2088 1577 2144 llam
1602 2103 1662 2144 cum
1678 2096 1755 2143 extra

973 2180 1134 2236 clericorum
1154 2181 1275 2235 ordinem
1297 2181 1450 2235 crtustitutis
1464 2180 1615 2250 nuptiarum
1635 2181 1760 2236 societati
1814 2164 1816 2171 ¹

973 2279 1001 2326 et
1009 2272 1188 2340 procreationi
1200 2270 1313 2326 iliorum
1325 2270 1434 2327 studere
1444 2271 1479 2327 sit
1487 2272 1759 2341 liberrimarbitrium,

973 2362 1006 2416 ad
1016 2361 1174 2416 exibendam
1187 2369 1275 2417 tamen
1286 2378 1310 2431 p.
1319 2361 1410 2417 rlecte
1421 2362 1592 2417 continentie
1603 2363 1759 2431 puritatem.

973 2465 1008 2506 ne
1022 2450 1194 2505 subdiaconis
1208 2449 1315 2520 quidem
1329 2450 1492 2505 connubium
1507 2449 1616 2505 carnale
1630 2449 1758 2505 concedi·

973 2549 1026 2607 tur,
1038 2555 1070 2598 st
1082 2552 1109 2598 et
1122 2545 1167 2614 qui
1181 2545 1291 2613 liabent,
1304 2543 1357 2599 sint
1371 2551 1496 2614 tanlquam
1511 2559 1563 2598 non
1578 2544 1717 2608 habentes,
1731 2555 1759 2599 ot

971 2637 1018 2705 qui
1031 2652 1084 2691 noa
1095 2637 1195 2692 habent
1203 2645 1377 2707 permaneam
1386 2634 1625 2705 singulares.Quod
1635 2635 1657 2692 si
1669 2639 1695 2690 ln
1705 2637 1757 2690 lroc

972 2727 1078 2793 ordine,
1096 2729 1142 2798 qni
1162 2736 1276 2796 quartus
1289 2726 1356 2782 ordo
1373 2736 1415 2781 est
1439 2725 1567 2796 acupile,
1592 2725 1700 2794 dignum
1717 2733 1760 2780 est

972 2817 1113 2881 custodiri,
1129 2828 1231 2886 quanto
1254 2817 1338 2886 magis
1360 2816 1387 2871 in
1403 2816 1499 2884 primo,
1513 2815 1555 2871 nel
1569 2815 1688 2872 sectando
1703 2823 1758 2870 tera

973 2911 1064 2979 tioqne
1077 2909 1238 2966 seruandum
1253 2918 1305 2978 est,
1324 2924 1358 2965 ne
1371 2918 1417 2963 aut
1430 2907 1549 2974 levitico,
1563 2917 1610 2964 aut
1620 2908 1760 2980 presbytc-

132 2998 181 3055 bei
192 2999 295 3070 iudicio
320 2998 482 3055 reservanda
500 3008 552 3065 est,
566 3001 598 3069 ,ln
621 2999 698 3070 cujus
713 3014 792 3052 manu
812 2997 871 3062 luit,
891 3005 921 3050 ut
972 3000 1020 3054 ruli
1044 3001 1156 3063 lionore,
1176 3008 1223 3054 aut
1249 2999 1396 3070 episcopali
1420 2998 1579 3054 excellentia
1617 2998 1758 3067 quisquam

133 3089 226 3144 talium
240 3089 329 3144 obitus
340 3104 426 3159 usqne
442 3090 474 3144 ad
488 3088 686 3144 communionis
701 3086 849 3142 remedium
866 3103 918 3140 noa
934 3059 957 3123 0
973 3088 1086 3145 idoneus
1099 3090 1255 3152 aestimetur,
1270 3090 1315 3160 qui
1336 3104 1366 3144 se
1392 3104 1408 3143 a
1423 3089 1563 3145 volutatate
1585 3089 1680 3144 uxoria
1695 3102 1759 3143 nec·

132 3177 287 3248 didensium
298 3194 349 3234 nos
363 3187 452 3234 autem
462 3180 558 3250 quibus
572 3179 723 3233 nivernilius
733 3193 785 3232 non
799 3192 921 3232 commu·

134 3269 295 3337 nicavimaa,
310 3270 425 3324 mortuis
436 3270 635 3324 communicare
648 3285 701 3324 non
714 3284 866 3351 possumus:

133 3379 294 3438 ccxxxiii.
311 3379 387 3446 Quod
401 3392 584 3453 oporteatennt
599 3385 641 3454 qai
653 3405 659 3437 ,·
669 3400 697 3437 co
710 3383 806 3437 illicitis
821 3401 834 3437 o
850 3383 921 3436 nium

289 3454 403 3519 postulat
416 3456 493 3507 elium
506 3472 522 3507 a
538 3455 615 3507 licitis
628 3453 764 3507 abstinere.

169 3563 212 3619 Ec
226 3565 337 3620 decreta
353 3583 391 3636 ia¹
405 3582 428 3622 ω
442 3565 545 3632 leniris,
561 3565 654 3619 iiiii.
670 3565 748 3619 ltttut
763 3565 922 3634 qu'ilcmest
991 3607 996 3618 .

134 3655 225 3711 debita
238 3671 394 3727 reposcere,
415 3656 488 3711 aliud
514 3657 622 3727 propria
638 3657 813 3727 perfectionis
828 3672 921 3713 acriore

135 3756 325 3815 contemnere;
353 3748 401 3804 sed
422 3749 577 3804 illicitorum
609 3751 713 3802 veniam
741 3749 920 3818 postulantem

135 3848 242 3911 oportet
257 3842 338 3895 etiam
353 3855 369 3895 a
384 3841 465 3896 licitis
475 3842 628 3906 abstinere;
643 3842 751 3895 dicente
766 3840 896 3908 Apostolo
911 3859 916 3892 :

134 3929 230 3985 Omnia
249 3930 341 3997 licent,
365 3932 484 3987 sednon
509 3933 599 3986 omnia
623 3929 778 3999 expediunt.
801 3927 874 3983 llnle
898 3931 919 3983 si

134 4022 297 4090 poenitentes
317 4021 417 4076 habent
443 4036 561 4086 causam,
587 4035 667 4089 quam
698 4018 832 4088 negligere
852 4017 922 4072 loric

136 4125 188 4165 non
215 4111 341 4174 eobano
367 4110 463 4166 melius
495 4112 598 4182 expetit
623 4110 682 4180 quis
710 4107 922 4165 ecclesiasticum

136 4213 214 4268 quarn
226 4199 333 4256 lorense
345 4201 485 4271 judicium.

136 4311 298 4368 ccxxxiv.
318 4314 392 4379 Quod
405 4315 537 4383 paenitenti
552 4315 627 4395 rndln·
641 4315 713 4368 incra
735 4309 922 4386 negotiationis

391 4400 509 4438 erescere
523 4395 668 4438 corrnerunt.

169 4474 212 4530 lt'c
222 4477 293 4533 decr.
309 4495 384 4548 papie
397 4477 487 4540 beorn,
505 4479 544 4533 tii.
561 4477 606 4532 m.
622 4476 743 4543 Qualitas
754 4478 821 4533 lucri
837 4493 921 4547 nega·

136 4567 247 4622 tisanam
261 4576 306 4623 aut
329 4578 450 4633 cxcrrsat,
471 4579 516 4624 ant
530 4571 627 4640 arguit,
643 4570 705 4644 qnia
727 4579 767 4624 est
790 4570 921 4626 honestus

135 4668 261 4724 qbaesllts,
289 4667 316 4712 et
340 4660 436 4728 turpis.
456 4657 646 4714 Verrrmtarnen
667 4661 805 4728 pmiiitcmi
828 4660 919 4717 utilius

135 4745 273 4816 dispendia
292 4748 357 4816 pati,
368 4764 447 4817 qnam
460 4747 587 4815 periculis
601 4748 790 4816 negotiationis
801 4748 918 4803 obstrin-

134 4832 159 4902 gi
169 4835 247 4904 ;quia
261 4834 371 4891 dillrcile
384 4845 425 4890 est
435 4836 505 4891 inter
518 4837 633 4892 ementis
641 4838 833 4909 vendentisque
844 4853 921 4893 corn·

134 4923 263 4978 mercium
276 4938 329 4979 non
343 4923 506 4980 interuenire
521 4935 675 4996 peccatum.

134 5030 283 5088 [CXXXV.
299 5034 373 5098 Quod
396 5037 430 5089 nd
446 5037 564 5090 railltimn
587 5037 736 5091 sinceriorem
754 5046 810 5102 post
833 5041 918 5107 poerri·

345 5107 450 5159 tentiam
462 5107 547 5160 red-'re
560 5123 611 5161 riou
625 5107 708 5160 delet.

168 5209 209 5266 Ec
227 5212 337 5267 decretis
349 5230 422 5284 papas
437 5214 540 5280 Leonis,
561 5218 602 5271 tit.
617 5215 663 5272 dl.
688 5216 860 5272 Contrarium
875 5227 917 5275 est

971 3181 1033 3236 dnm
1049 3180 1168 3238 inerrasse
1182 3181 1326 3250 detegitur.

972 3310 1156 3367 ccxxxviii.
1167 3310 1190 3366 ti
1192 3320 1202 3365 ι
1211 3307 1282 3366 nulla
1293 3330 1331 3380 pr.
1340 3314 1375 3367 tia
1386 3311 1419 3366 de
1431 3312 1593 3379 baptisandis
1606 3313 1762 3384 consignan-

1174 3381 1263 3451 disque
1278 3381 1399 3452 fideibar
1409 3383 1555 3453 erigantur.

1011 3515 1052 3570 Ea
1066 3517 1173 3570 decretis
1185 3532 1259 3587 papie
1273 3515 1379 3583 Gelasii,
1387 3517 1461 3573 titulo
1469 3517 1494 3573 5.
1509 3517 1679 3589 baptizandis
1691 3535 1761 3576 con·

975 3607 1165 3678 signandisque
1193 3608 1314 3664 lidelibus
1335 3609 1420 3679 pretia
1445 3610 1517 3664 nulla
1544 3611 1693 3680 praeligant,
1711 3627 1762 3666 nec

974 3697 1140 3754 illationibus
1153 3698 1316 3766 quibuslibet
1339 3699 1471 3768 impositis
1496 3699 1634 3768 exagitare
1653 3700 1763 3770 cupiant

973 3797 1157 3855 recrescentes,
1173 3790 1298 3860 qnoniam
1321 3790 1393 3858 qrrcrd
1413 3791 1497 3859 gratis
1514 3790 1659 3859 accipimus
1678 3792 1761 3860 gratis

974 3882 1038 3936 dare
1053 3882 1229 3947 nrarrdamnr;
1250 3890 1277 3935 et
1300 3881 1360 3935 idco
1375 3882 1440 3935 nibil
1455 3897 1471 3936 a
1495 3883 1629 3951 prmdictis
1653 3899 1762 3954 prorsus

974 3973 1084 4037 exigere
1102 3970 1259 4034 moliantur,
1274 3986 1328 4039 quo
1343 3971 1383 4024 rel
1404 3980 1563 4041 paupertate
1576 3982 1691 4042 cogente
1705 3983 1761 4030 ter-

974 4060 1029 4126 riti,
1055 4060 1096 4114 rcl
1123 4059 1305 4127 indignatione
1330 4061 1461 4128 reuocati,
1488 4061 1681 4130 redemptionis
1706 4078 1763 4118 sune

974 4164 1069 4204 causas
1083 4149 1158 4203 adire
1174 4148 1339 4218 despiciant:
1364 4157 1466 4204 certum
1490 4148 1621 4206 halremes
1631 4151 1702 4222 quod
1714 4153 1761 4223 qni

975 4239 1108 4308 prolribita
1123 4238 1390 4308 deprclrensiluednt
1402 4239 1552 4309 admisisse,
1563 4241 1604 4295 rel
1617 4243 1760 4298 commissa

974 4344 1029 4385 non
1045 4331 1134 4401 potius
1148 4345 1195 4385 sua
1210 4340 1307 4400 sponte
1326 4333 1505 4398 correxerint,
1516 4334 1665 4404 periculum
1686 4336 1760 4391 subi-

977 4423 1028 4476 turi
1044 4423 1146 4492 poprii
1159 4423 1214 4477 sint
1228 4423 1349 4479 bononis.

973 4555 1135 4613 ccxxxix.
1164 4557 1372 4629 Presbyterorma
1404 4569 1429 4615 et
1456 4561 1625 4617 diaconorum
1649 4562 1759 4617 ordina·

1067 4629 1148 4682 tiones
1167 4633 1241 4683 certis
1254 4630 1344 4684 debere
1357 4631 1480 4686 celebrari
1495 4631 1660 4701 temporibus.

1009 4757 1049 4813 ls'c
1071 4757 1180 4813 decretis
1203 4776 1278 4830 paple
1304 4759 1412 4826 Celadi,
1435 4763 1476 4817 tit.
1503 4764 1547 4819 it.
1571 4764 1761 4825 Ordinationes

971 4848 1050 4904 etiarn
1060 4848 1275 4918 presbyterorum
1287 4849 1526 4923 diaconorumque,
1539 4856 1589 4911 crisi
1599 4859 1681 4914 certis
1691 4869 1760 4915 tem-

971 4939 1080 5009 poribus
1092 4945 1119 4993 et
1142 4939 1236 4994 diebus
1249 4953 1378 4995 exercere
1400 4957 1454 4996 noa
1477 4941 1586 5013 debent,
1602 4946 1685 5002 idest
1705 4949 1759 5018 pri·
1794 4960 1797 4968 ·

970 5031 1006 5085 mi
1020 5039 1049 5086 et
1066 5032 1155 5099 quarti
1170 5032 1269 5087 mensis
1279 5030 1395 5102 jejunio,
1416 5035 1523 5105 septimi
1541 5044 1568 5092 et
1582 5037 1693 5093 decimi:
1709 5038 1758 5093 sed

968 5124 1051 5179 etiam
1066 5124 1306 5192 quadragesimalis
1330 5125 1409 5193 initii,
1425 5144 1457 5183 ac
1472 5131 1594 5185 mediana
1608 5131 1756 5200 quadrage·

968 5215 1043 5269 simae
1063 5215 1115 5280 die,
1131 5216 1235 5270 sabbati
1260 5215 1364 5286 jejunio
1390 5219 1462 5273 circa
1487 5235 1626 5289 uesperam
1651 5223 1756 5277 nouerit

130 5304 241 5361 omuino
255 5305 444 5364 ecclesiasticis
458 5308 565 5378 regulis,
581 5317 641 5379 post
652 5309 816 5379 paenitentiae
831 5313 915 5367 aetio·
967 5306 1152 5363 celebrandas.
1166 5307 1219 5364 Nec
1231 5309 1505 5378 cujuslibetutilitatls
1515 5326 1607 5380 carisa,
1621 5327 1668 5368 seu
1681 5329 1756 5384 pres·

127 5407 191 5448 nem
209 5395 299 5449 redire
310 5395 346 5450 ad
360 5396 481 5451 militiam
501 5398 668 5464 secularem,
690 5414 749 5454 cmn
766 5399 914 5470 Apostolus
966 5398 1099 5468 byterum,
1115 5414 1162 5453 seu
1187 5399 1328 5455 diaconum
1343 5400 1385 5455 liis
1398 5399 1525 5470 prolerre
1545 5403 1591 5474 qni
1605 5415 1667 5461 aute
1680 5406 1752 5478 iquos

126 5483 216 5540 dicat:
234 5484 318 5541 Nemo
333 5488 450 5543 militans
461 5489 516 5544 ileo
528 5490 649 5560 implicat
661 5507 691 5549 se
704 5495 817 5563 negotiis
827 5511 912 5552 siccu-
966 5490 1065 5544 luerint
1079 5491 1207 5544 ordinati.

163 5638 268 5699 ⁸bi0n.
282 5639 372 5714 Esig„
387 5657 404 5696 a
417 5650 473 5698 toro
489 5640 609 5714 abjicere.
696 5725 703 5735 0

1000 5645 1013 5688 l
1029 5643 1105 5703 ilion.
1120 5643 1208 5718 linig,
1222 5644 1371 5708 derermda.
