3810 6128
130 293 182 348 stu
505 288 665 345 rsdsutit
687 286 765 343 titis.
786 286 890 344 crediti.
912 284 1114 344 rouruutrt
1134 282 1276 344 orsttll'li
1298 283 1387 342 PARS
1408 284 1441 343 ii.
1720 286 1777 343 58⁰

129 411 168 467 rel
181 407 293 463 arduom
315 406 415 462 lrrlrcre
443 407 565 460 rideatur
592 405 710 465 tnitrum,
725 417 753 457 ιιι
775 407 826 458 lrae
847 404 964 463 mens&
980 400 1122 456 titudinem
1136 400 1224 457 reddis
1237 400 1407 456 damsuarunt
1435 400 1598 455 examinatio
1622 402 1773 471 pretiosos,

130 500 310 570 trepidatione
325 500 449 568 respirat,
464 495 535 566 qnod
545 510 653 563 semper
665 493 753 557 opilea
768 508 846 549 suum
871 492 925 548 ml·
979 493 1013 548 ad
1026 492 1196 565 suscipienda
1212 493 1335 549 mandata
1366 491 1471 547 llomini
1497 491 1610 549 idoneos
1635 494 1781 562 apostolo·

130 589 353 653 nistruurslitina
379 586 557 643 instructione
583 583 720 652 informer,
735 593 764 640 et
790 582 926 639 ineltostui
976 599 1037 641 rtttu
1064 599 1125 641 csse
1148 584 1278 652 iudicarit
1297 584 1405 640 eiectio.
1432 582 1538 651 unione
1561 593 1590 639 et
1615 584 1780 655 evangelice

130 686 238 745 initium
256 693 285 739 et
313 680 412 751 ingenii
437 679 629 750 perfectionem
653 677 848 733 accommodet.
871 676 927 731 liae
977 686 1109 747 precepta
1134 692 1241 746 semper
1255 678 1394 747 egentibus
1416 675 1546 732 serrantia
1561 677 1780 741 committerent,

132 792 198 845 erpo
208 772 425 830 consideratione
439 771 577 845 andaciam
593 768 682 825 nimiae
702 769 862 825 temeritatis
883 783 927 823 as·
976 769 1125 840 electisque
1135 772 1198 826 rirls
1211 770 1258 826 llei
1269 769 1446 840 dispositione
1457 768 1631 840 prouidenter
1643 770 1781 827 honorent

132 884 243 925 sentens
258 908 266 932 ,
281 882 356 934 unae
385 867 465 936 longo
492 876 613 934 tempore
637 868 743 921 lirersnt
767 865 927 921 obuuritrata
976 863 1155 921 decrererttut
1166 863 1347 933 episcopalem
1362 863 1517 934 adjungere,
1529 877 1583 934 quo
1598 862 1703 919 facilius
1727 878 1781 919 co·

133 960 252 1021 silentio,
265 956 505 1026 ipsiusdirinitatis
521 956 619 1011 ausilin
634 957 750 1026 incoepta
764 966 827 1011 sunt
851 972 928 1013 rese·
977 973 1037 1015 rum
1050 958 1287 1027 praedicationibus
1300 958 1422 1025 acquisiti
1445 958 1478 1013 ad
1502 957 1679 1014 ministerium
1704 961 1782 1015 sacri

134 1052 231 1103 rantis.
258 1048 338 1115 Quis,
355 1058 384 1102 ut
410 1049 490 1104 inaltet
517 1049 699 1102 testimoninm
725 1046 927 1118 veritatis,plsts
979 1049 1193 1121 proveherentur
1220 1051 1324 1105 altaris.
1352 1049 1390 1105 lis
1406 1063 1460 1119 oua
1482 1049 1668 1105 condessorum
1696 1049 1782 1105 turlur

131 1140 246 1207 pretinm
269 1150 327 1192 trrnt
349 1140 473 1194 relatione
491 1150 622 1207 rouperto
636 1153 714 1208 quens
735 1139 874 1205 probentur
893 1136 929 1191 od
978 1150 1102 1197 sanetum
1116 1150 1145 1197 et
1159 1140 1302 1196 verterandi
1318 1140 1405 1195 nteriti
1420 1137 1618 1196 dsntnrninnm
1637 1140 1704 1195 unns
1725 1139 1788 1205 'ro-¹

131 1249 178 1287 nna
197 1232 306 1286 lectiorte
325 1232 488 1285 contentioso.
505 1229 580 1284 Unde
592 1245 646 1284 nnn
660 1231 719 1284 sine
731 1228 798 1284 certi
813 1227 928 1283 oestima-
979 1234 1069 1289 insana
1083 1234 1265 1303 promeruisse
1275 1233 1373 1303 gaudet
1382 1233 1637 1303 episcopum,qneru
1649 1233 1783 1300 inpietas

132 1323 551 1393 tinuecuniiclturquodueritas
565 1322 653 1375 adlruc
664 1321 832 1375 credentium
845 1336 929 1391 popu·
979 1325 1128 1394 spectantis
1147 1325 1237 1395 populi
1253 1324 1447 1396 posterioribus
1462 1325 1531 1381 tauri
1554 1324 1643 1380 multis
1660 1324 1783 1380 tresiltua

133 1417 233 1480 lorum,
247 1415 387 1487 gentilium
403 1413 561 1469 erudelitate
578 1421 592 1450 ⁸
617 1415 756 1477 constristo,
778 1412 931 1467 formidarit
980 1419 1089 1489 lipaturu
1099 1416 1185 1483 dedii,
1196 1417 1320 1489 Capitolii
1333 1416 1460 1485 gradihus
1470 1416 1625 1471 illidendum
1635 1432 1643 1481 ;
1654 1417 1698 1470 uisi
1713 1430 1783 1473 sso-

132 1502 341 1576 seribereqnod
357 1515 446 1559 tamen
459 1504 593 1571 gaudelsat
606 1502 653 1558 Dei
667 1502 781 1557 lamnlos
796 1505 930 1558 memisse
981 1510 1018 1563 cti
1040 1508 1136 1575 capitis
1150 1508 1236 1564 solnta
1248 1523 1388 1579 compage,
1400 1509 1542 1564 cerebrum
1558 1507 1708 1578 frequentis
1723 1510 1781 1562 dli·

133 1614 196 1653 cum
219 1600 279 1654 siue
305 1597 388 1651 dultin
412 1595 565 1666 judicentur
590 1596 701 1662 scriptu,
727 1610 788 1663 quae
812 1593 930 1648 ridellum
979 1600 1064 1653 sionis
1079 1598 1208 1667 dispersit
1222 1599 1389 1668 iujuria,sed
1404 1598 1451 1654 tall
1466 1598 1599 1654 descensu
1622 1598 1656 1653 sd
1678 1600 1779 1655 Dorul-

133 1704 225 1744 sermo
240 1698 354 1743 testetur
367 1688 485 1755 impleta.
502 1686 670 1740 credendum
687 1685 758 1740 enirn
772 1684 807 1739 de
820 1684 863 1740 lris
877 1694 928 1752 est,
981 1705 1043 1745 uutu
1057 1705 1197 1747 essecutus
1211 1700 1253 1746 est
1270 1705 1427 1747 ascensum.
1440 1690 1514 1746 Felix
1530 1692 1571 1746 nir
1592 1690 1780 1755 condiniani,

133 1792 170 1847 et,
187 1783 306 1836 abstersa
324 1779 338 1819 b
357 1778 501 1834 dnlrietaris
522 1776 612 1847 iustae,
630 1775 693 1831 toris
718 1776 821 1831 uirilius
842 1775 929 1831 eonu-
945 1762 1115 1851 Brantaepue
1128 1790 1158 1838 et
1177 1795 1302 1850 personas
1314 1790 1343 1838 et
1354 1780 1472 1848 virtutis,
1484 1781 1530 1837 eui
1554 1796 1717 1837 euremaro
1729 1796 1784 1839 est

133 1872 321 1938 tendum,eos
337 1872 384 1940 otri
403 1884 452 1940 per
472 1862 671 1925 confusionem
696 1867 801 1922 Domini
823 1881 855 1922 ac
880 1867 927 1924 liei
981 1873 1095 1942 primum
1122 1888 1183 1929 esse
1211 1874 1359 1941 doctorem,
1375 1882 1435 1943 port
1460 1875 1675 1945 trrartyrcmuni
1702 1875 1781 1943 quod

133 1965 299 2033 nosuidipni
313 1962 787 2033 inseruntsnlriremartyriumeiiam
799 1961 928 2031 ampliora
979 1964 1070 2019 docuit
1089 1964 1180 2021 uerbis
1194 1964 1367 2021 evidentibus
1386 1964 1505 2033 irnpleult
1527 1962 1666 2033 ererrrplls.
1686 1962 1782 2020 Simili

132 2058 248 2113 tolerare
261 2057 378 2113 soluisse
392 2071 472 2125 unam
487 2056 595 2111 ridetur
614 2048 821 2111 succedentibus
843 2054 929 2109 nteri-
977 2052 1061 2111 ¹etiarn
1076 2057 1160 2123 grstia
1178 2056 1350 2111 beatissimus
1364 2056 1461 2109 l’aulrrs
1475 2055 1587 2111 arntistes
1606 2064 1687 2125 stipite
1705 2070 1782 2111 eost·

133 2152 185 2204 uns
200 2149 297 2205 relatio
310 2163 358 2218 per
371 2149 484 2217 populos
498 2145 656 2202 transmissa
673 2147 805 2201 recolere.
821 2142 849 2197 ld
864 2158 930 2213 ergo
980 2147 1067 2202 lessus
1082 2147 1284 2202 llarlnnrensetn
1305 2149 1471 2217 prouinciam
1498 2145 1608 2201 salutari
1633 2147 1783 2214 sruuisirit

131 2240 290 2309 snpplicatio
304 2240 454 2294 eommunis
465 2239 635 2304 obtinerunt
649 2239 754 2292 reniam
777 2249 928 2303 consequa·
980 2238 1095 2307 eloquio.
1125 2240 1210 2307 Quaem
1246 2240 1282 2293 ita
1309 2240 1384 2294 labor
1411 2239 1565 2294 domestice
1595 2238 1782 2297 triitnlaticuis

133 2338 178 2385 rur
192 2330 325 2393 dorostro,
340 2326 362 2384 si
390 2330 424 2383 de
447 2330 593 2383 trirlutiltus
617 2326 790 2397 praetermisit
809 2327 927 2397 ignarus

133 2420 201 2475 Natu
217 2419 268 2473 etsi
287 2416 375 2473 onrtris
391 2433 444 2473 nort
459 2428 471 2455 ⁰
488 2433 549 2474 esse
571 2419 712 2473 solvuntur
734 2418 845 2474 credere
870 2418 931 2473 uni·

136 2513 249 2567 tersites
261 2521 400 2566 utereatur
411 2520 439 2565 ut
453 2510 499 2566 ilci
514 2510 631 2565 damulus
642 2512 724 2567 etiam
742 2510 845 2580 majora
869 2526 931 2566 serr·

135 2602 182 2657 tiat
196 2615 376 2672 urranrsrrmo
391 2601 524 2671 passionis
543 2602 684 2671 explanet.
712 2600 833 2669 Qualiter
857 2599 928 2657 enirn

134 2694 264 2749 cultorem
279 2692 385 2749 llrrmlni
399 2692 473 2748 locus
488 2692 532 2749 ille
545 2693 665 2762 pandens
684 2703 711 2747 et
732 2693 791 2762 ejus
813 2693 932 2762 patroci-

135 2788 209 2843 nium
237 2786 337 2841 ltabere
364 2786 530 2856 promeruit,
553 2785 661 2854 quando
682 2785 795 2840 aliornrn
822 2795 930 2839 sancto·

134 2890 194 2931 ratu
217 2877 355 2931 intentum
381 2876 419 2931 illi
445 2875 632 2945 agnoverimus
656 2874 929 2943 luisseeonsortium,

134 2966 175 3023 sle
202 2968 321 3023 ddelium
358 2968 489 3023 relatione
519 2967 633 3023 dicimus
667 2966 785 3038 ipsorum
816 2967 931 3039 inrepti-

980 2326 1148 2394 exercuit,ut
1159 2342 1253 2383 rerunt
1266 2326 1371 2382 donnini
1381 2342 1441 2383 csse
1457 2329 1583 2383 innrniun
1598 2330 1780 2398 approbares.

980 2404 1034 2471 Sed
1044 2417 1143 2487 pretias
1156 2417 1214 2480 ulti,
1227 2419 1349 2485 Domine,
1359 2418 1422 2475 Jesrr
1438 2419 1607 2488 curisteum
1623 2422 1783 2477 infestantis

980 2505 1082 2561 inimici
1101 2507 1153 2562 tela
1168 2510 1352 2578 probationem
1369 2510 1486 2564 ridellum
1508 2521 1613 2566 tuorum
1630 2513 1782 2580 perurisistl

980 2610 1051 2664 csse,
1064 2614 1117 2653 nou
1128 2599 1249 2667 ruluera,
1264 2612 1292 2654 et
1307 2602 1387 2655 taient
1400 2602 1442 2655 ltis
1458 2609 1569 2670 praestas
1584 2615 1633 2672 pru
1650 2604 1783 2661 mercede

982 2685 1119 2753 laborent,
1134 2697 1163 2742 ur
1187 2690 1288 2743 nullutn
1317 2697 1422 2744 luttrutil
1445 2690 1530 2745 luisse
1553 2691 1668 2760 gaudem
1691 2692 1783 2749 Ιιιιιιίι

982 2776 1129 2833 indtellem.
1156 2779 1223 2835 Detur
1250 2794 1314 2849 erpo
1341 2782 1375 2835 sd
1400 2781 1544 2849 peculiaria
1570 2784 1674 2851 patroni
1702 2796 1782 2854 gesta

982 2871 1101 2941 suseepti
1116 2868 1198 2927 nilicii
1212 2872 1304 2928 tendat
1315 2875 1486 2943 ulrsequiurn,
1503 2890 1555 2928 rum
1578 2889 1611 2930 cx
1633 2890 1695 2930 asse
1719 2892 1783 2947 quc

981 2960 1109 3018 deservo
1123 2960 1170 3018 liei
1184 2976 1246 3019 suus
1261 2976 1398 3034 comperta
1410 2969 1605 3035 prosequimur,
1621 2969 1669 3021 sed
1682 2968 1785 3026 iturus·

135 3072 170 3113 ne
184 3069 344 3131 proruptum,
358 3067 486 3130 quesitum
501 3058 536 3114 dp
550 3073 580 3114 se
593 3060 663 3114 epiro
675 3056 808 3126 tpibpnpr,
818 3058 933 3129 pippino.
982 3065 1075 3107 rueres
1087 3050 1128 3105 sni
1144 3065 1197 3106 non
1210 3052 1294 3108 luisse
1305 3053 1422 3110 sulliciat
1434 3072 1440 3106 :
1453 3054 1480 3109 in
1492 3056 1590 3111 talibus
1602 3056 1675 3111 eninr
1688 3061 1785 3113 causis

135 3164 205 3207 striis.

172 3240 202 3295 2.
224 3243 307 3313 igitur
319 3252 380 3312 post
394 3241 499 3299 nomini
514 3241 598 3297 nostri
611 3240 673 3298 lesu
688 3240 789 3298 Christi
812 3241 931 3300 solutile-

138 3348 196 3389 ram
212 3334 377 3402 passionem,
392 3344 451 3404 post
477 3334 684 3389 resurrectionis
705 3334 791 3388 nrtirae
813 3333 933 3403 singula·

137 3427 229 3495 risrpse
240 3426 410 3497 mysterium,
423 3434 480 3495 posi
495 3427 681 3481 ascensionem
695 3424 765 3494 ejus,
780 3439 831 3495 qua
845 3424 934 3480 mani·

138 3515 249 3571 leslarlt
262 3515 562 3585 lrornlnibusuunqusm
575 3530 605 3570 se
622 3512 738 3570 defuisse
759 3528 813 3584 quo
839 3515 929 3587 rediit,

141 3604 324 3675 apostolurum
338 3606 491 3676 predicatio
507 3606 640 3661 urrirersis
654 3605 778 3677 perstilrus
791 3604 927 3674 prolatura

136 3698 277 3753 strcucssil.
289 3696 338 3765 Qui
349 3713 410 3752 cum
422 3698 562 3753 iruntiuere
574 3712 638 3753 suns
662 3706 805 3752 cernerent
827 3698 929 3767 passio·

137 3801 196 3855 tres,
210 3788 282 3856 quod
299 3788 412 3843 domirm
435 3800 528 3842 nostru
550 3788 613 3843 lesu
639 3788 747 3842 ernisto
769 3786 928 3850 didicerant,

136 3878 232 3945 repleti
259 3877 374 3946 Spiritus
400 3877 486 3934 sancti
512 3880 608 3950 gratia,
622 3878 790 3944 docuerunl;
807 3878 874 3935 adeo
888 3889 928 3942 ur,

137 3970 190 4024 dds
202 3980 351 4033 crescente,
367 3985 420 4026 nen
433 3971 510 4038 porei
525 3981 695 4026 mererentur
714 3973 772 4026 lieri
793 3972 930 4028 condesse-

135 4074 195 4128 ses,
203 4076 260 4130 eno
270 4062 351 4116 modo
360 4062 481 4119 Ecclesia
491 4062 623 4118 estloliea
637 4066 737 4133 gaudet
749 4066 931 4133 promeruisse

137 4160 281 4222 ntartyres.
295 4153 348 4207 ΙΙοι
361 4167 436 4225 erpo,
451 4168 565 4224 quorum
577 4155 703 4210 virtutem
727 4166 928 4225 persecutorum

137 4257 191 4299 non
206 4243 346 4313 pressius
354 4258 486 4316 esperare
497 4246 650 4313 wallerus,
660 4260 731 4319 quos
742 4247 776 4304 sd
788 4248 845 4303 ruri
857 4249 929 4305 simi-

176 4385 189 4415 ¹
207 4376 318 4441 Forsan,
334 4379 494 4433 enutrisloto.

176 4446 190 4485 ι’
207 4446 320 4503 Forsan.
335 4451 395 4502 atld.
407 4452 527 4518 calipius.

176 4527 188 4555 e
208 4517 293 4573 soene
305 4528 457 4587 corruptus.

175 4586 188 4624 l
208 4588 279 4653 Lepre
293 4604 400 4643 cannen
415 4588 446 4643 ll
460 4589 505 4644 lilt.
522 4605 539 4645 rr
553 4590 606 4714 Of.
629 4591 769 4648 Fortunati
784 4594 816 4647 dr
830 4592 931 4649 donno

141 4656 293 4724 Sutsrnirto,
308 4670 335 4713 et
354 4669 430 4712 nestas
453 4674 520 4729 quas
541 4662 565 4715 ei
585 4675 627 4715 em
652 4660 823 4717 attexuimus.
849 4663 930 4735 διες.

139 4728 241 4782 'innon
263 4729 300 4781 its
322 4737 451 4782 rnetnoret
471 4732 489 4783 l.
512 4745 532 4794 t,
556 4748 583 4787 n.
607 4732 662 4794 ξι,
677 4734 765 4787 socios
780 4732 889 4796 laboris,
905 4745 932 4789 et

138 4798 299 4865 episcopalis
311 4801 440 4867 musterus,
452 4815 520 4867 uuus
533 4812 643 4857 sarretns
655 4801 797 4874 Dionysius
817 4805 846 4858 in
867 4804 931 4859 Gal·

140 4867 185 4921 liis
198 4867 292 4921 lrabult
307 4885 313 4921 :
338 4886 347 4918 ι
369 4868 399 4923 1Ιί
418 4884 482 4939 ergo
497 4872 570 4925 nrissi
585 4881 648 4926 sunt
663 4874 714 4939 (ad
734 4874 931 4943 predicandum

139 4938 167 4991 lu
180 4936 298 5005 Galliis),
312 4936 453 4993 Turonicis
468 4938 613 4997 Gratianus
627 4944 778 5010 episeopus,
794 4944 933 4999 Arelaten-

146 5007 223 5063 siltus
233 5008 397 5077 Tropltintrrs
408 5012 560 5079 episcopus,
575 5013 705 5067 Nrnrltonnt
721 5014 819 5068 Paulus
832 5018 933 5084 episeo-

142 5093 204 5149 pus,
220 5078 325 5133 'rous-n
339 5079 497 5136 Saturninus
510 5084 662 5149 episcopus,
677 5084 819 5139 Parislacis
833 5085 934 5157 Diony·

139 5149 196 5202 sius
222 5148 375 5217 episcopus,
399 5151 527 5206 severitis
541 5152 709 5208 Streutouirrs
723 5152 875 5222 episcopua,
889 5155 934 5211 Le·

143 5219 283 5274 rrrcriciuis
303 5220 431 5275 llortialis
445 5232 486 5275 est
500 5222 649 5277 destinatus
660 5225 752 5293 cpiscu
772 5239 811 5278 us.
831 5244 841 5277 ι
856 5267 862 5279 .

177 5298 190 5325 ⁰
211 5290 283 5345 Alias
298 5307 305 5343 ε
323 5290 385 5359 Qui,
395 5294 510 5346 trudente
520 5294 592 5347 leuto
603 5290 731 5349 cranone
756 5294 813 5349 'etri
824 5295 933 5362 npnnoti

140 5374 293 5415 succurere.

178 5426 189 5466 ‘
205 5428 275 5485 Sane
285 5432 381 5485 mirum
392 5430 476 5485 uideri
487 5432 626 5498 potestltic
639 5432 733 5489 referri
743 5433 854 5487 missum
871 5449 934 5489 san·

142 5507 215 5552 etrrm
232 5500 386 5571 llirrnysium
401 5504 426 5555 in
444 5502 747 5558 Galliascumsmiiead
760 5504 932 5571 evangelium

142 5570 240 5622 tuniei
259 5572 485 5627 ‹tissenrinandurn
508 5589 524 5627 a
545 5573 732 5627 successoribus
746 5576 931 5644 apostoloram,

143 5646 180 5703 el,
195 5647 223 5690 ut
236 5640 459 5707 tepenatnrniiae,
471 5645 574 5713 abipso
589 5642 740 5710 Clemente,
752 5646 932 5712 apostolurum

141 5707 355 5778 discipulusne
368 5718 396 5765 ct
409 5708 480 5781 Grep
503 5712 578 5777 Tur..
594 5723 623 5767 et
641 5716 708 5769 Acts
723 5715 827 5769 sincera
848 5717 933 5771 suncti

144 5777 290 5843 Saturnini,
305 5780 423 5850 episcopi
435 5780 577 5853 Tolosatis,
591 5796 651 5854 quae
670 5782 755 5841 edidit
770 5784 805 5840 tl.
821 5783 933 5842 lluinart

945 3123 1206 3209 sstnagiseoarenit
1227 3142 1322 3199 iidclcs
1340 3144 1451 3200 credere
1472 3159 1552 3216 quam
1574 3146 1661 3217 possit
1681 3148 1785 3205 relatio

983 3230 1275 3313 huruanamonstrare.

1018 3326 1047 3383 ὅ.
1058 3325 1172 3383 Sanctus
1183 3327 1441 3400 ἰςίιιιιίῆοιιιιίιιι,ο
1454 3331 1510 3399 qul,
1521 3338 1549 3385 ut
1560 3329 1682 3395 seranus
1695 3328 1705 3369 ¹
1719 3345 1784 3389 snc-

982 3418 1135 3473 sessoribus
1149 3422 1332 3489 apestolorum
1348 3420 1421 3477 rerlri
1437 3421 1520 3477 diuini
1534 3423 1639 3478 semina
1650 3423 1784 3494 gentibus

982 3511 1115 3581 eroganda
1125 3519 1293 3580 susceperat,
1305 3526 1359 3582 quo
1370 3514 1486 3583 amplius
1498 3498 1657 3581 penniiintie'
1670 3512 1784 3573 ferrers

980 3602 1107 3674 cognonit
1120 3617 1253 3670 errorem,
1269 3604 1333 3660 illue
1347 3605 1497 3673 intrepidus
1506 3614 1534 3660 et
1547 3606 1638 3661 calore
1653 3605 1720 3662 lidei
1740 3605 1784 3663 irt-

980 3693 1785 3766 dammatnsnoeenitrarisios,pontinodueente,persenit

980 3799 1034 3841 rrou
1047 3786 1148 3841 veritus
1159 3786 1303 3844 incredule
1312 3789 1400 3859 gentis
1412 3800 1541 3859 expetere
1556 3788 1782 3865 lenitatemque

980 3877 1105 3933 uirtutem
1114 3892 1188 3933 suam
1196 3882 1390 3950 preteritarum
1398 3897 1536 3951 poenarum
1544 3883 1785 3943 recordatioroino

981 3970 1785 4041 rabat,etuuimerueratessecoulessor,noucunctatusesl

980 4062 1133 4117 arrctoriltus
1150 4061 1254 4132 populis
1264 4064 1393 4119 accedere
1405 4064 1575 4134 praedicator.
1587 4064 1663 4121 Tunc
1679 4080 1791 4125 mertro-

980 4153 1135 4210 rataciritas
1144 4163 1173 4210 et
1184 4167 1318 4211 consentu
1327 4153 1520 4213 Germanorum
1533 4168 1560 4214 et
1572 4158 1715 4217 nobilitate
1724 4166 1786 4232 pol·

981 4242 1062 4314 lebat,
1078 4244 1150 4316 qrrod
1163 4256 1237 4302 essct
1249 4246 1365 4302 ulubris
1375 4263 1448 4318 aere,
1463 4245 1582 4318 jucunda
1598 4250 1728 4319 sunnine,
1744 4250 1785 4309 le-

981 4381 1054 4439 iuter
1068 4383 1137 4439 deta
1149 4381 1256 4438 munera
1269 4392 1428 4453 metipsum,
1445 4398 1504 4452 pag.
1522 4383 1574 4440 solt
1589 4383 1661 4438 Edit.
1676 4382 1782 4443 Veron.

983 4466 1026 4505 su.
1054 4452 1255 4515 lidimonium
1279 4452 1328 4506 snit
1352 4454 1432 4507 ueeio
1454 4463 1481 4507 et
1505 4452 1588 4509 Grato
1610 4456 1785 4523 consolinus,

944 4498 1056 4575 nrrtmrr
1067 4524 1169 4576 scilieet
1182 4524 1247 4581 250.
1259 4522 1434 4576 Saturnirrurrr
1448 4524 1601 4578 Tolosatem
1617 4525 1784 4594 episcopum

982 4592 1132 4647 institutum
1146 4594 1227 4649 luisse
1238 4592 1376 4647 releuant:
1396 4604 1477 4663 atque
1491 4594 1558 4649 eden
1583 4603 1610 4649 et
1636 4595 1786 4663 lliorrpains

983 4662 1017 4734 (si
1038 4662 1118 4717 uredo
1133 4663 1155 4717 is
1169 4678 1220 4717 utra
1232 4676 1291 4717 cnrn
1306 4661 1451 4717 Saturnino
1477 4665 1502 4717 itt
1528 4662 1627 4718 Gallias
1650 4666 1738 4732 uenit,
1754 4679 1785 4723 nt

983 4734 1086 4800 putarit
1098 4734 1256 4803 Gregorius)
1268 4747 1322 4786 uon
1339 4735 1429 4788 rnnltis
1443 4743 1505 4787 astte
1525 4736 1604 4789 arrnis
1628 4735 1731 4789 missus
1756 4740 1784 4793 itt

983 4805 1083 4857 Gallius
1095 4803 1186 4858 luerit.
1201 4805 1332 4870 Quocirca
1345 4805 1409 4858 ittnd
1426 4805 1568 4859 dit-endunt
1580 4814 1623 4859 esl
1634 4822 1643 4859 t
1655 4819 1722 4861 eurtr
1736 4810 1784 4875 spui

984 4870 1118 4929 ltaecdcta
1143 4876 1321 4942 corrscripsit,
1344 4875 1501 4944 popularem
1521 4875 1677 4943 opinionem
1702 4880 1784 4949 sequi

984 4946 1072 5012 potius
1099 4944 1300 5013 vrrluisse,tpuc
1325 4958 1387 4998 tune
1411 4945 1547 4999 serebatur
1567 4946 1593 4999 in
1622 4944 1731 5003 Galliis.
1758 4950 1785 5004 ul

983 5014 1053 5083 quod
1079 5014 1196 5069 indicant
1211 5031 1316 5083 tpurrune
1331 5019 1389 5069 lucc
1402 5016 1462 5083 ejus
1476 5016 1557 5069 terim
1570 5032 1577 5067 :
1592 5022 1636 5081 otri
1653 5026 1681 5071 ss
1697 5020 1786 5082 lerunt

983 5102 998 5135 u
1012 5088 1199 5139 successorium
1211 5089 1396 5155 apostolorum,
1411 5094 1467 5153 clc,
1477 5086 1521 5139 sui
1535 5086 1656 5155 opirtioui
1668 5088 1787 5143 ‹tideere

983 5154 1094 5222 aliquid,
1106 5156 1329 5210 l'ortevenelntnr
1352 5156 1473 5213 luderis
1499 5154 1551 5209 iuis
1570 5158 1785 5225 correinnaudrs,

983 5240 1043 5291 pure
1059 5226 1146 5279 media
1162 5226 1190 5279 irt
1205 5225 1291 5292 pluite,
1308 5226 1366 5282 sire
1388 5234 1523 5281 scurcula
1550 5226 1679 5283 sci-ieris
1701 5240 1785 5285 crstsl

983 5295 1126 5359 spectaturis
1138 5298 1285 5351 recitmda.
1301 5296 1387 5352 Simili
1411 5312 1443 5351 es
1462 5294 1589 5366 opinione
1607 5298 1633 5351 in
1663 5296 1786 5366 Diplottr.

983 5364 1143 5421 t'treodnriei
1158 5366 1290 5432 calensis,
1304 5375 1333 5421 ul
1347 5382 1426 5435 supra
1441 5368 1592 5434 rettrliuuts,
1606 5366 1701 5423 beatus
1717 5368 1786 5425 uio-

984 5434 1077 5503 uysins
1087 5449 1148 5490 curru
1167 5436 1272 5492 sociisa
1285 5438 1362 5491 beato
1373 5438 1512 5491 llletuerrsc
1523 5438 1622 5492 missus
1635 5438 1662 5490 in
1678 5441 1784 5495 sieilias

986 5506 1095 5560 tersisse
1105 5506 1215 5563 dicitur.
1232 5507 1263 5560 lii
1276 5507 1377 5562 scilicet
1391 5508 1582 5563 existimarunt
1604 5506 1678 5563 nnnc
1696 5508 1785 5567 [trisse

984 5574 1140 5645 Dionysium
1155 5576 1354 5646 areopaginnn,
1367 5581 1400 5631 de
1410 5592 1464 5647 ouo
1475 5579 1501 5631 in
1524 5579 1600 5633 deris
1623 5593 1686 5648 ap,
1698 5596 1782 5648 urant

983 5646 1138 5709 opdrnunern
1153 5648 1251 5703 dende
1265 5649 1350 5712 seculi
1377 5658 1439 5703 sunt
1461 5648 1570 5705 Simeon
1592 5646 1727 5732 lletaplrr.
1755 5664 1783 5707 et

985 5714 1126 5771 llilduinus
1148 5717 1251 5786 abbas,
1279 5730 1306 5774 ut
1335 5716 1428 5774 uidere
1448 5728 1491 5774 est
1513 5716 1584 5790 apud
1606 5718 1719 5779 Sttrrtun
1748 5724 1783 5781 sol

983 5789 1054 5843 diem
1069 5789 1086 5841 *l
1100 5787 1233 5845 Octobris.
