3810 6128
136 342 204 400 todi
893 329 1042 386 nuceta.
1693 326 1761 382 lobs

132 456 169 515 de
191 453 336 511 securitate
357 451 490 517 intulerlt;
510 451 567 506 sive
581 450 654 519 quod
669 447 784 504 contulit
799 445 857 502 [leo
872 462 920 514 pcr
935 450 959 507 Α
972 443 1031 514 eins
1042 442 1205 514 implendam
1229 443 1255 499 in
1270 444 1394 501 omnibus
1406 445 1547 514 promittat
1560 445 1763 513 obedieritianr;

133 546 354 616 eleemosynam.
364 542 421 597 sire
439 539 512 610 qtrod
527 539 593 594 nihil
606 546 774 595 monasterio
790 546 823 592 oe
839 537 921 591 rebus
973 533 1136 605 respondeat
1146 532 1248 590 abbas:
1263 532 1319 590 lieo
1329 535 1439 605 gratias.
1451 534 1509 590 Alia
1521 535 1566 592 die
1576 543 1638 606 post
1648 537 1761 605 primam

132 634 190 691 seis
203 630 304 688 obsidis
319 631 431 700 pignore
446 627 683 697 perdonationem
704 626 848 696 legaverit,
862 625 920 681 sive
973 624 1071 683 dictam
1083 625 1180 683 missas
1189 626 1328 695 explicitas
1340 627 1448 683 exeunti
1463 626 1543 684 limen
1568 628 1679 684 oratorii
1698 644 1761 684 cum

132 724 206 798 qnod
221 722 322 778 nullum
339 719 524 790 fidejussorem
537 718 646 789 ignotus
657 706 807 782 invenerim
824 716 883 773 sire
896 716 921 772 si
973 717 1181 788 congregatione
1200 716 1291 773 abbati
1312 717 1404 773 llectat
1428 718 1462 774 ad
1484 730 1571 788 genua
1585 718 1646 790 clus
1676 735 1763 778 nevus

134 815 207 872 nulla
224 811 385 869 sacramenti
401 811 453 866 lide
466 817 592 866 teneatur
607 824 614 864 :
628 802 690 866 curn
713 808 783 865 lorte
804 810 921 865 incertus
974 807 1058 865 irater
1077 825 1153 866 suam
1168 810 1312 874 cervicem,
1327 825 1427 881 rogans
1441 826 1502 866 cum
1516 811 1560 867 vel
1573 827 1681 867 omnem
1695 828 1762 866 corr·

133 906 169 963 de
183 904 310 960 lumitate
325 904 408 958 irater
428 903 525 959 missus
542 902 622 958 luerit
642 917 704 958 cum
718 900 850 958 uehiculis
864 898 923 954 ani·
973 902 1156 970 gregationem
1166 902 1236 974 ejus,
1249 904 1349 960 debere
1358 904 1493 960 sinodicam
1503 905 1529 960 ln
1540 906 1661 961 oratorio
1673 920 1763 962 retum

133 996 255 1061 analium,
270 1002 299 1050 et
321 992 496 1049 emendarum
510 993 600 1064 pretio
619 1009 722 1063 rerum,
743 1009 808 1049 mox
822 992 922 1048 ducatu
974 989 1038 1053 rari,
1053 999 1081 1046 ct
1093 1007 1172 1047 orare
1188 1008 1237 1061 pro
1252 1008 1292 1048 se.
1316 993 1446 1064 donibus
1459 1011 1523 1051 mox
1545 995 1695 1052 diutissime
1715 1013 1765 1068 pro

135 1085 236 1143 diaboli
249 1084 365 1141 inventis
377 1099 428 1155 per
440 1084 613 1141 occasionem
628 1085 779 1155 sumptibus
793 1083 835 1139 uel
849 1083 923 1139 sebi·
974 1094 1008 1135 eo
1018 1090 1161 1148 oretur;et
1174 1083 1318 1153 completis
1327 1084 1651 1156 entnibusabbasrolens
1661 1087 1765 1154 egredi,

135 1175 212 1243 colis,
228 1176 256 1231 ln
270 1175 373 1230 alienas
387 1184 474 1231 terras
487 1176 644 1231 monasterii
660 1173 771 1246 incipiat
783 1175 869 1245 magis
879 1190 924 1229 or·
975 1169 1112 1225 humiliter
1126 1173 1298 1241 apprehenso
1311 1173 1370 1243 ejus
1379 1176 1553 1242 vestimento,
1568 1178 1629 1232 nuri
1645 1179 1764 1233 retinea-

134 1266 244 1325 dinatm
258 1266 385 1335 migrare,
405 1280 516 1322 securus
529 1264 563 1321 de
582 1280 613 1321 se
636 1265 836 1336 perceptionem
856 1281 924 1335 quo·
975 1268 1113 1318 tormanu
1127 1261 1261 1332 discipuli,
1286 1264 1333 1334 qui
1355 1265 1408 1322 boc
1427 1267 1550 1337 rogando
1564 1268 1701 1324 insinuet:
1718 1268 1765 1324 Est

134 1358 201 1417 tldle
222 1359 430 1430 exspectandus,
445 1366 473 1413 ct
492 1356 680 1429 prolongando
701 1365 749 1412 aut
771 1356 857 1423 tarde,
877 1364 925 1412 aut
974 1349 1203 1423 (1110481188θῆῐῦ
1218 1353 1305 1423 primo
1329 1352 1396 1422 ⁰²0·
1408 1364 1437 1411 ²⁸
1463 1357 1584 1414 0¹²1⁰fi⁰
1601 1358 1763 1423 ἱιῑὶιιιιιῐο,

133 1464 272 1519 nunquam
284 1447 456 1518 seqrmndus.

377 1560 490 1616 CAPUT
511 1558 675 1616 Llllllll'lll.

351 1667 548 1709 tsnsnnooarro
572 1667 709 1708 utscrcutr.

134 1762 177 1819 De
188 1763 298 1818 induciis
313 1765 425 1835 {ramni
437 1761 667 1832 suscipiendorum,
682 1764 711 1817 iss
722 1761 813 1834 quibas
827 1763 858 1817 de
868 1772 924 1816 stn-

230 1832 328 1890 bililme
341 1833 474 1903 firmando
485 1848 571 1887 secam
584 1843 696 1887 tractore
708 1832 828 1887 miseni.

258 1941 412 1981 assentiento
431 1939 547 1979 ΒΟΙΙΜΒ
565 1939 615 1979 PE!
639 1939 800 1980 alaternus.

171 2036 239 2095 Cum
252 2037 287 2092 de
299 2035 424 2091 omnibus
434 2032 597 2104 supradictis
610 2040 761 2089 conventus
775 2046 862 2087 notus
873 2031 926 2086 lra-

134 2142 179 2189 ter
190 2129 291 2199 regula
304 2142 354 2200 per
367 2127 492 2184 abbatem
512 2125 548 2183 de
560 2125 708 2182 stabilitate
722 2125 863 2192 demanda,
878 2134 927 2181 ant
944 2192 951 2199 ,

135 2238 186 2297 per
197 2238 289 2279 rerum
311 2235 422 2279 surarum
440 2221 651 2292 eleemosynam,
664 2228 713 2275 aut
731 2233 781 2290 per
799 2219 926 2276 donatio·

135 2328 198 2371 sem
216 2313 393 2378 monasterio,
416 2321 464 2367 aut
477 2326 527 2384 per
546 2311 668 2367 chartam
683 2309 849 2381 fidejussoris
868 2327 927 2382 pm·

135 2405 241 2472 nalem
257 2413 304 2462 aut
314 2406 339 2464 si
353 2407 471 2476 ignotus,
485 2419 534 2481 per
550 2402 697 2472 juramenti
712 2401 791 2458 iidem
804 2402 925 2459 cart-rit:

133 2497 251 2553 duonum
271 2503 335 2552 tunc
355 2495 489 2551 mensium
511 2494 629 2566 spatium
647 2494 676 2549 in
687 2492 796 2563 judiciis
815 2491 850 2549 sd
871 2502 928 2548 tra·

133 2586 262 2643 ctandum
274 2600 366 2642 tecum
379 2585 504 2657 accipiat.
521 2585 682 2642 Laboraudo
696 2595 859 2643 tamencum
872 2582 927 2640 lra-

135 2678 222 2737 trllrtts
235 2685 381 2734 contentus
396 2691 513 2733 unisonae
527 2677 664 2733 communi
677 2691 814 2744 memora,
829 2676 873 2732 rel
883 2691 927 2733 re·

134 2768 205 2843 gulsa
217 2767 359 2838 disciplina
371 2776 399 2822 et
411 2764 723 2823 excommunicationum
735 2782 743 2832 ;
759 2773 789 2820 ul
799 2774 827 2821 et
836 2779 927 2822 mores

135 2860 292 2921 unnsneril
307 2859 413 2930 probet,
435 2867 464 2915 et
483 2873 498 2912 a
514 2859 681 2915 monasterio
700 2859 758 2928 ipse
775 2859 924 2929 probetur;

134 2962 165 3013 sl
177 2968 270 3010 meum
291 2958 399 3020 tractet,
410 2951 432 3005 si
448 2950 546 3007 debeat
558 2965 588 3007 se
601 2949 635 3005 ad
647 2949 730 3006 ileum
745 2950 863 3016 llrmare,
880 2959 927 3004 aut

136 3044 171 3101 ad
191 3044 332 3101 diabolum
345 3042 497 3113 expeditius
511 3056 645 3097 remeare.
661 3039 801 3111 inquibus
819 3038 926 3099 duobus

974 1440 1019 1495 tel
1035 1439 1081 1496 tibi
1101 1450 1129 1496 et
1142 1444 1354 1513 congregationi.
1379 1445 1447 1500 duur
1470 1446 1640 1515 responderit
1660 1449 1763 1513 abbas;

975 1530 1040 1600 quiid
1054 1531 1119 1587 illud
1131 1542 1182 1597 est,
1198 1533 1333 1591 intimato.
1347 1535 1531 1607 Subsequatur
1545 1540 1644 1609 petitor
1654 1539 1764 1596 dicens:

977 1620 1044 1678 llolo
1060 1622 1115 1678 [leo
1129 1622 1231 1679 servire
1255 1639 1304 1693 per
1315 1624 1484 1697 disciplinam
1499 1629 1598 1696 regula
1608 1628 1673 1683 milri
1686 1629 1763 1685 lectm

977 1710 1004 1766 in
1019 1713 1183 1768 monasterio
1210 1714 1346 1770 tuocum
1355 1717 1526 1786 responderit
1539 1718 1637 1782 abbas,
1651 1720 1764 1777 dicens:

939 1793 1010 1858 eet
1027 1803 1081 1859 boc
1095 1802 1183 1872 placet
1198 1805 1264 1859 tibi?
1282 1805 1463 1876 subsequatur
1476 1807 1582 1865 baturus
1594 1809 1742 1878 discipulus
1757 1828 1763 1861 :

975 1890 1035 1947 lise
1048 1891 1135 1962 primo
1160 1892 1227 1962 beo,
1242 1893 1281 1950 sic
1305 1902 1334 1949 et
1355 1895 1430 1950 mibi.
1458 1894 1534 1952 Tunc
1547 1897 1630 1965 dicat,
1657 1897 1762 1953 abbas:

976 1979 1054 2050 truc,
1067 1980 1161 2048 irater,
1176 1983 1242 2039 uribi
1265 1984 1332 2039 nibil
1346 1985 1491 2056 promittis,
1503 1986 1552 2042 sed
1574 1986 1640 2056 lieo,
1654 1996 1683 2043 et
1702 1988 1766 2044 boio

975 2074 1097 2130 oratorio
1110 2075 1154 2130 sel
1177 2073 1256 2130 altari
1279 2083 1384 2132 sancto.
1408 2075 1438 2132 Si
1451 2075 1589 2132 adomnia
1612 2077 1766 2136 obaudieris

975 2164 1073 2221 diuinis
1087 2167 1232 2237 preceptis
1246 2165 1290 2222 rel
1303 2167 1371 2221 meis
1384 2168 1504 2237 monitis,
1519 2169 1546 2223 in
1560 2170 1604 2226 die
1615 2170 1710 2241 judieii
1734 2178 1765 2227 tu

976 2273 1105 2315 coronam
1121 2257 1239 2330 accipies
1259 2258 1391 2316 bonorum
1406 2269 1525 2328 actuum,
1539 2269 1568 2317 ct
1579 2275 1630 2331 ego
1643 2261 1678 2319 de
1700 2278 1765 2333 poc·

976 2348 1044 2403 catis
1055 2348 1121 2404 meis
1142 2347 1315 2418 indulgentiae
1339 2348 1440 2418 aliquid
1454 2351 1643 2420 pronrerebor;
1663 2353 1712 2421 uni
1736 2363 1765 2407 nt

976 2438 1114 2495 diabolum
1135 2452 1197 2493 cum
1219 2438 1319 2496 monle
1342 2440 1475 2507 vinceres,
1496 2439 1616 2496 incitari.
1634 2442 1663 2499 Si
1677 2452 1766 2499 autern

977 2528 1098 2586 noluerit
1110 2529 1215 2584 mlbi'in
1228 2529 1320 2601 aliquo
1333 2530 1456 2598 obedire,
1471 2546 1538 2588 ecce
1558 2547 1609 2602 ego
1623 2533 1765 2591 llomittutn

976 2630 1128 2691 contestor,
1153 2621 1219 2694 quin
1245 2631 1274 2678 et
1296 2622 1356 2678 baec
1381 2625 1555 2694 congregatio
1581 2627 1765 2684 testiumniunt

977 2715 1042 2771 mlbi
1068 2726 1111 2773 est
1131 2715 1158 2772 iu
1173 2700 1228 2771 'die
1248 2715 1341 2787 judicii
1357 2717 1519 2786 praebitum
1534 2718 1609 2789 quia,
1625 2727 1656 2775 ιιι
1681 2734 1763 2790 supra

976 2806 1119 2873 disisam
1140 2823 1193 2865 uon
1217 2810 1293 2875 inibi,
1319 2809 1363 2865 rel
1384 2810 1585 2880 congregationi
1613 2810 1640 2866 in
1673 2810 1767 2880 aliquo

977 2896 1139 2962 muneris,
1163 2898 1300 2969 injudicio
1315 2899 1361 2956 Dei
1375 2914 1427 2972 ego
1438 2900 1591 2970 absolutus,
1608 2910 1637 2956 ts
1660 2913 1765 2972 protua

976 2989 1065 3044 anima
1080 3028 1090 3055 ,
1103 2988 1148 3046 sel
1168 2992 1368 3063 contemptione
1391 2992 1525 3047 rationem
1539 2991 1674 3049 restitues.
1701 2992 1765 3048 l’ost

977 3077 1035 3134 bec
1047 3079 1138 3145 acrba,
1151 3080 1175 3136 si
1189 3095 1251 3136 cum
1271 3081 1354 3138 rebus
1378 3082 1435 3137 suis
1460 3081 1605 3149 introierit,
1635 3091 1699 3138 tunc
1720 3084 1767 3138 ille

137 3136 275 3194 mibi*
296 3136 347 3193 ⁸³¹¹)
360 3149 426 3191 ΟΜ
440 3134 548 3191 ⁵¹¹⁰ffl¹¹¹
563 3133 687 3200 'mmm’
704 3134 750 3204 ‘¹¹¹¹
763 3133 924 3204 ⁹⁶¹⁰⁸¹¹⁰⁰⁸
939 3143 964 3207 c
977 3168 1076 3235 brevis,
1091 3171 1133 3226 rel
1145 3170 1259 3229 donatio
1272 3187 1481 3228 renimsuarum
1497 3173 1553 3230 lise
1574 3173 1618 3231 sel
1632 3184 1768 3230 monaste·

135 3227 301 3293 mammons,
316 3235 344 3282 et
358 3226 409 3300 ipsl
422 3224 547 3281 similiter
559 3239 593 3282 ea
608 3224 755 3296 improviso
767 3223 927 3281 custodian·

136 3330 192 3382 tor,
207 3326 236 3374 et
249 3316 277 3373 ln
291 3316 359 3373 cella
381 3315 587 3387 peregrinorum
600 3315 758 3381 dormiant;
773 3321 802 3371 et
822 3314 927 3385 ingres-

135 3424 184 3469 sas
197 3407 318 3474 illorum,
331 3407 374 3463 cel
384 3407 472 3462 esitus
485 3406 511 3461 in
524 3405 689 3467 monasterio
702 3403 845 3463 custodum
859 3419 928 3474 prae·

136 3498 224 3556 ιιιιιίι
238 3498 376 3564 rideatur:
391 3506 419 3552 ct
431 3498 506 3554 oitrnl
519 3498 597 3565 bora,
612 3498 636 3556 si
650 3497 749 3553 alicsbi
762 3511 777 3553 a
791 3504 928 3560 courmnn

138 3586 252 3642 fratrum
273 3587 453 3654 mcesserittt,
477 3587 594 3644 sollicite
617 3601 633 3642 a
659 3585 816 3644 custodibus
834 3601 927 3658 renut-

138 3684 234 3732 cantur
248 3717 256 3743 ,
271 3691 306 3732 ue
320 3673 389 3733 lorte
409 3677 557 3748 anticipent
569 3676 707 3736 ambulare
720 3677 780 3734 sine
795 3676 855 3733 sale
866 3690 928 3731 curn

138 3762 220 3820 iacto.
253 3763 332 3832 Quod
359 3765 384 3822 si
408 3766 542 3838 explicitis
566 3767 670 3825 duobus
697 3767 853 3836 mensibus,
872 3781 927 3822 non

137 3855 264 3929 pbcsbili
299 3857 438 3929 disciplina
472 3866 500 3914 et
539 3859 633 3915 iisdem
667 3857 833 3914 monasterio
868 3857 927 3928 pla·

138 3947 226 4005 merit
246 3947 395 4015 ambulare,
418 3965 479 4005 cnm
490 3950 587 4006 notitia
610 3949 715 4006 abbatis
742 3949 785 4004 rel
808 3950 928 4004 nnrrrimn

139 4045 204 4111 post
211 4038 302 4094 datam
316 4038 396 4095 lldem
409 4039 508 4096 nullius
519 4040 582 4095 lurti
605 4040 753 4108 comunissl,
768 4038 812 4094 rel
832 4053 929 4095 recon-

139 4129 252 4201 signatis
265 4130 346 4187 rebus
359 4132 515 4188 monasterii
528 4147 588 4203 quas
601 4132 635 4188 ad
649 4141 755 4202 tempus
767 4132 838 4189 iorte
850 4147 928 4188 acce·

140 4230 227 4291 perat,
244 4237 307 4277 nrox
321 4230 384 4293 post
403 4223 492 4278 datarn
513 4223 644 4279 uniuersis
664 4237 777 4293 pacein3
803 4230 831 4278 cl
848 4237 929 4277 acee-

141 4318 214 4381 ptam
236 4312 338 4382 virgam
352 4312 380 4368 in
402 4328 495 4380 manu,
519 4321 695 4368 ctannnuanr
719 4310 844 4367 viaticam
869 4318 931 4381 post

141 4400 240 4459 iactam
253 4404 415 4468 orationem,
430 4404 473 4460 cel
485 4404 586 4461 dictum
600 4419 720 4472 versum,
739 4403 782 4460 vel
794 4401 928 4458 redditam

140 4492 183 4549 eis
196 4508 302 4565 pacem,
317 4495 340 4550 ti
353 4503 443 4550 umen
464 4494 533 4563 nult,
558 4505 588 4550 nt
609 4495 709 4566 hospes
731 4494 876 4560 abscedam
902 4499 972 4562 etl)
1038 4540 1044 4552 .

142 4583 400 4654 muscipiatsieem
423 4601 499 4642 suam
513 4585 645 4652 diabolus,
661 4598 741 4656 quem
764 4584 860 4641 nolens
882 4583 930 4638 bo·

142 4674 241 4746 spitum
254 4687 413 4747 susceperat
425 4676 559 4735 Christus.

402 4811 516 4868 CAPUT
536 4811 678 4867 lxxxix.

356 4918 552 4960 atreenootrtn
572 4919 709 4959 bisernum.

976 3266 1019 3322 rie
1029 3264 1110 3334 ncta,
1125 3266 1209 3337 ipsius
1219 3267 1360 3323 dettaturis
1374 3282 1470 3325 manus
1485 3281 1566 3338 super
1583 3266 1669 3323 altare
1679 3282 1766 3338 pona·

976 3365 1030 3424 ιιιι,
1053 3356 1161 3415 dicente
1182 3355 1353 3429 tpsolnna:
1368 3357 1448 3425 esce,
1464 3358 1585 3425 mutina,
1600 3374 1661 3414 cum
1676 3358 1766 3414 animo

977 3460 1049 3516 nus,
1063 3455 1092 3503 et
1104 3456 1262 3519 paupertate
1274 3462 1344 3514 rusa,
1367 3450 1494 3521 quidquid
1507 3450 1572 3505 mibi
1588 3450 1705 3516 donasti,
1718 3449 1768 3506 tibi

904 3586 910 3598 .
977 3539 1136 3611 reconsigno
1157 3540 1281 3597 mollero
1298 3557 1304 3593 :
1324 3540 1403 3597 stibi
1417 3543 1481 3599 solo
1505 3549 1534 3597 ιιι
1546 3542 1600 3598 siut
1622 3557 1667 3598 res
1688 3555 1767 3608 mea,

977 3628 1023 3688 nbi
1037 3629 1116 3685 luerit
1126 3644 1174 3685 cor
1186 3644 1287 3694 meum,
1300 3637 1329 3684 tt
1348 3630 1448 3695 anima,
1463 3632 1514 3687 sub
1530 3639 1665 3702 potestate
1678 3640 1768 3687 tamen

978 3723 1134 3781 anonasterii
1144 3731 1172 3779 et
1182 3723 1297 3788 abbatis,
1307 3738 1387 3795 numu
1398 3724 1475 3793 milti,
1484 3723 1605 3789 minine,
1617 3723 1710 3779 invice
1720 3734 1767 3778 tua

979 3815 1127 3871 timendum
1135 3815 1283 3886 prostibula
1292 3829 1354 3873 cnm
1366 3815 1406 3872 eis
1414 3814 1482 3872 dicis
1494 3835 1500 3869 :
1513 3813 1564 3880 osta·
1578 3831 1621 3871 ros
1631 3815 1715 3880 eadit,
1726 3831 1767 3870 ιιι

978 3905 1050 3958 adit
1061 3920 1070 3968 ;
1080 3914 1105 3958 st
1115 3904 1159 3976 pai
1170 3906 1331 3976 sosspsrttit,
1354 3922 1395 3960 tiss
1419 3906 1519 3975 spernit
1533 3904 1609 3976 (late.
1625 3909 1665 3974 ι).
1692 3903 1768 3961 Unde

979 3995 1041 4067 gum
1055 4009 1176 4066 pereum
1187 3996 1301 4051 ιιιιιιιιιι
1310 3996 1401 4051 omnia
1416 3995 1565 4052 necmssris
1578 3996 1690 4064 cogitat,
1706 3995 1769 4050 ideo

979 4088 1045 4144 nibil
1057 4104 1108 4146 nos
1115 4096 1225 4160 eportet
1236 4088 1374 4160 peculiare
1385 4089 1485 4145 babere
1500 4103 1508 4143 s
1522 4088 1585 4158 guia
1599 4102 1628 4143 tu
1641 4087 1720 4144 nobis
1733 4087 1768 4144 de

980 4178 1105 4236 omnibns
1128 4193 1159 4235 es
1173 4179 1295 4248 monens,
1306 4186 1335 4234 et
1359 4178 1387 4235 in
1400 4177 1526 4235 omnibns
1547 4176 1651 4235 rumen
1671 4179 1768 4234 solus:

980 4279 1012 4326 ut
1021 4269 1076 4341 jam
1088 4271 1165 4326 nobis
1177 4271 1300 4326 virereet
1313 4284 1374 4340 spes
1387 4268 1509 4326 cbristus
1534 4269 1580 4333 sit,
1599 4279 1629 4325 et
1641 4270 1710 4324 msirl
1723 4269 1770 4324 lu-

981 4373 1065 4421 eruin.
1080 4356 1145 4414 Post
1157 4358 1217 4414 baec
1230 4358 1367 4428 dicatipse
1380 4357 1555 4414 norussratcr
1565 4359 1767 4429 responsorium

982 4449 1056 4504 boe:
1074 4449 1183 4518 Sustine
1195 4464 1246 4517 me,
1269 4447 1388 4514 Domine,
1409 4449 1551 4504 secandam
1564 4449 1666 4504 osrbsnt
1688 4460 1769 4517 ιιιιιι,

983 4551 1126 4595 eletensis:
1147 4549 1172 4593 ct
1184 4554 1216 4593 ns
1239 4540 1382 4611 eottssndes
1396 4539 1478 4595 sassi
1498 4541 1689 4610 exspectatione
1713 4556 1772 4593 ntea

985 4629 1072 4700 (Psoi.
1095 4632 1199 4703 cartas).
1223 4629 1287 4685 Post
1310 4630 1362 4685 boc
1376 4629 1578 4701 responsorium
1601 4628 1676 4684 dicat
1689 4628 1773 4685 abbas

984 4724 1056 4778 bunc
1069 4738 1175 4779 versum
1190 4741 1196 4775 :
1215 4720 1346 4782 Canticum
1360 4721 1419 4786 boe,
1431 4719 1510 4786 beas,
1523 4722 1593 4790 qood
1606 4733 1726 4792 spretas
1744 4735 1773 4776 ss
1882 4746 1886 4753 ·

983 4816 1012 4869 ist
1035 4812 1109 4868 nolis
1133 4814 1219 4883 (l'sel.
1247 4820 1339 4881 tsvttl.
1356 4811 1422 4868 Posi
1445 4826 1646 4880 uuemrersntn
1661 4813 1772 4876 dictttm,

984 4923 1047 4963 moa
1061 4907 1125 4962 data
1138 4906 1163 4961 ei
1177 4906 1211 4960 ab
1233 4905 1358 4960 omnibus
1383 4919 1465 4976 pace,
1491 4903 1627 4976 compleat
1637 4903 1729 4968 abbas,
1745 4912 1774 4957 et

175 4989 310 5060 ansrsds
324 4993 415 5049 dabam
428 4996 509 5065 frater
523 5011 602 5050 neuin
616 4995 643 5048 in
656 5009 814 5051 nottestane
827 5009 902 5049 mam
985 4995 1083 5052 tollens
1108 4996 1216 5052 brevem
1242 4994 1360 5066 desuper
1379 4995 1475 5059 altare,
1492 5010 1555 5053 moa
1570 4995 1605 5051 ab
1630 5009 1665 5050 eo
1688 5008 1774 5049 nurus

409 5064 516 5134 timim
528 5066 673 5121 ''mmmm-
985 5086 1132 5158 discipulus
1144 5087 1194 5144 sub
1209 5086 1354 5157 praeposito
1364 5086 1516 5149 ordinetur,
1537 5093 1565 5141 et
1579 5085 1606 5139 in
1621 5097 1702 5139 marcu
1725 5096 1771 5136 ee·

276 5169 427 5211 mmm?
445 5170 558 5212 mullis
576 5171 626 5212 ἘΒ
649 5170 809 5212 'lilinum
986 5189 1046 5229 rum
1060 5173 1233 5244 consignatas
1244 5187 1305 5229 cum
1319 5171 1379 5228 aliis
1393 5170 1520 5226 smtribus
1548 5177 1629 5225 exeat
1652 5168 1775 5237 discipli·

179 5262 248 5321 Cum
264 5232 378 5337 explete
391 5265 506 5323 duorum
518 5269 653 5325 mensium
666 5266 701 5323 ad
712 5266 881 5326 tractandum
896 5267 937 5322 in·
989 5279 1040 5321 nae.
1065 5261 1166 5320 Eadem
1184 5276 1301 5332 namque
1324 5261 1379 5327 die,
1405 5276 1455 5330 pro
1479 5257 1637 5315 humilitatis
1661 5255 1773 5322 indicio,

145 5352 231 5412 decim
245 5354 353 5421 luerint,
376 5364 405 5411 et
426 5354 551 5427 placabili
572 5356 715 5428 disciplina
736 5356 772 5412 ab
794 5370 828 5411 eo
848 5354 934 5424 inagis
989 5370 1087 5426 agnam
1101 5354 1347 5410 manibuslratrum
1364 5351 1398 5406 ad
1418 5349 1635 5407 commonionem
1650 5345 1776 5403 intranti·

144 5447 280 5505 stabilitas
301 5448 427 5519 eligatur,
451 5457 480 5506 et
503 5450 744 5522 munerandam,
767 5447 936 5519 repromissa
988 5447 1039 5503 bns
1060 5447 1119 5516 ipse
1143 5443 1288 5507 minianu,
1306 5453 1413 5498 etcum
1426 5438 1640 5506 dat,osculetur
1654 5441 1775 5496 omnium

146 5536 225 5596 lecta
239 5540 337 5608 regula
358 5539 495 5608 llrmitate,
516 5541 542 5598 ei
557 5541 666 5612 placcat
688 5539 848 5612 adimplere,
863 5536 934 5594 rein·
988 5551 1094 5602 manus,
1103 5543 1132 5592 et
1145 5541 1220 5606 petat
1229 5532 1350 5602 singulos
1361 5545 1410 5601 pro
1431 5544 1462 5586 se
1481 5528 1682 5586 deberemre.
1706 5529 1772 5586 lire·

147 5636 301 5700 terrogatas
318 5632 353 5686 ab
373 5631 471 5688 abbate
484 5645 569 5687 notus
593 5629 685 5697 lianc,
707 5629 771 5701 quid
791 5643 883 5685 seeum
907 5627 935 5684 in
989 5644 1037 5685 ses
1061 5641 1127 5685 cero
1157 5623 1330 5682 donationum
1353 5620 1439 5680 laetos
1463 5638 1478 5676 ι
1505 5620 1631 5678 iratribus
1656 5629 1778 5691 tempore

121 5747 129 5755 ·
146 5735 280 5779 consuto
291 5721 460 5780 induciarum
471 5723 560 5795 spatio
572 5722 720 5791 delinisset,
733 5735 937 5793 cumresponso
989 5718 1152 5778 mandatus
1164 5714 1250 5775 abbas
1270 5714 1299 5772 in
1312 5713 1385 5787 good
1396 5713 1489 5773 usibus
1501 5713 1659 5772 monaterii
1675 5726 1778 5785 sapess-
