3810 6128
131 275 1766 330 Μ

751 448 821 489 ss'ttu
840 448 942 491 secum
961 449 997 490 vlt
1017 448 1142 490 turture.

194 587 816 810 AUCTOR
927 580 1704 810 INCEIITUS

854 930 1039 985 uuoltolllns

598 1091 1294 1448 MQR.

346 1544 411 1621 DE
438 1542 641 1622 undull
670 1543 918 1623 MAGISTRI
949 1545 1195 1626 VETERUM
1225 1544 1562 1625 TESTIMONIA.

164 1780 280 1836 Sanctus
294 1776 463 1832 Bessoucrus
476 1774 587 1832 Anianae
605 1776 689 1835 abbas
702 1775 961 1846 maximamque-p
1010 1778 1192 1836 ASusnnuuo
1205 1777 1286 1833 etiam
1306 1777 1440 1832 munuclro
1459 1775 1487 1831 in
1506 1772 1719 1830 Commentariis
1737 1772 1774 1829 ad

132 1884 186 1929 tem
214 1871 332 1926 Reuuue
359 1868 492 1926 lisursrnr
516 1868 544 1925 io
570 1869 744 1927 eunmrdiam
768 1871 921 1941 regularum
976 1872 1096 1941 regulam
1115 1871 1201 1927 sarrcti
1220 1867 1359 1925 Benedicti
1373 1880 1558 1938 saepenumero
1572 1864 1774 1930 taouaunom·

129 1961 308 2032 transcripsit,
337 1967 366 2015 ct
383 1958 484 2030 passim
504 1958 608 2029 integra
634 1960 693 2030 cius
706 1960 795 2030 capita
810 1958 922 2032 prolert,
976 1978 1030 2018 nas
1042 1977 1221 2019 uuoncnonuu
1236 1958 1372 2016 llscrsrsn
1386 1959 1466 2030 lrujus
1481 1958 1580 2029 regulae
1594 1965 1702 2015 auctor.

128 2053 196 2110 citat
209 2061 301 2109 autem
314 2051 456 2124 plusquam
469 2050 602 2123 seaarqics.

321 2301 639 2380 OBSERVITIO
668 2302 875 2384 CRITICA
904 2304 959 2384 IN
986 2301 1235 2383 uuuuunol
1265 2302 1588 2397 SEQUENTEM.

844 2466 1068 2485 -ι

162 2552 237 2611 luter
258 2551 325 2608 alias
347 2550 454 2622 regulas
474 2550 638 2607 monasticus
659 2552 718 2608 hoec
737 2565 859 2634 presens
880 2551 1016 2609 lusissima
1030 2558 1083 2620 est,
1097 2552 1239 2610 continens
1254 2549 1323 2607 XCV
1338 2551 1439 2624 capita,
1455 2558 1554 2623 praeter
1567 2549 1716 2620 emturum
1738 2561 1767 2608 et

128 2624 296 2698 spiritualem
310 2621 447 2677 Orationis
461 2620 607 2677 Iluminicae
619 2621 828 2692 explieatrunem
843 2623 984 2678 monachis
995 2624 1161 2705 adaptatam.
1174 2627 1276 2679 Auctor
1287 2630 1377 2676 tameo
1393 2622 1513 2678 incertus
1525 2631 1577 2689 est,
1594 2636 1646 2677 uec
1658 2621 1768 2678 adsurde

129 2695 238 2754 titulum
252 2692 384 2749 dlaconus
398 2691 524 2757 ubtiuuit‚
539 2692 591 2747 nisi
604 2692 676 2764 quod
691 2692 726 2747 ab
740 2691 817 2748 initIo
831 2692 976 2762 cujuslibet
997 2694 1095 2763 capitis
1110 2692 1259 2764 Discipulus
1273 2691 1453 2762 questionem
1468 2701 1619 2763 proponat,
1635 2692 1671 2747 ad
1686 2705 1766 2761 quam

129 2765 287 2824 solvendam
309 2761 463 2818 immediate
477 2758 605 2845 liuperto
623 2764 779 2834 respondet,
801 2763 1008 2834 doctrinamque
1022 2763 1165 2834 quaestioni
1187 2775 1336 2832 congruam
1363 2762 1481 2832 reponit.
1503 2761 1577 2818 Inter
1598 2763 1767 2818 recentiores

129 2835 293 2893 Tritiremius
314 2831 479 2889 existimarit
492 2832 573 2904 lruJos
586 2833 686 2899 regule
706 2840 845 2888 auctorem
856 2833 993 2890 exstitisse
1007 2832 1151 2888 diaconum
1164 2831 1339 2903 vigilantium
1353 2849 1360 2884 :
1374 2831 1421 2887 sed
1434 2833 1504 2887 lnanc
1517 2832 1684 2889 sententiam
1695 2831 1767 2887 nullu

129 2904 292 2963 auctoritate
312 2900 447 2959 sullultam
462 2913 544 2985 negat
557 2917 629 2973 sepe
644 2902 769 2959 laudatus
783 2901 930 2960 calmetus.
945 2901 1105 2973 Quicunque
1119 2911 1210 2958 autem
1229 2911 1325 2958 auctor
1339 2901 1429 2963 luerit.
1445 2903 1520 2956 illum
1536 2903 1562 2957 in
1577 2899 1666 2957 Gallis
1679 2901 1766 2970 scrip-

129 2977 208 3039 sisse,
234 2973 306 3029 uauu
331 2974 419 3029 inanis
444 2982 602 3044 conlectura
625 2981 682 3039 est,
708 2988 769 3029 cum
791 2974 889 3045 saepius
913 2972 1026 3029 vocibus
1048 2972 1150 3029 nationi
1174 2972 1213 3027 illi
1235 2972 1353 3045 propriis
1373 2981 1486 3029 utatur:
1506 2979 1587 3042 prout
1611 2980 1655 3028 est
1678 2970 1768 3043 Itujsr

131 3045 238 3110 uum,
259 3052 313 3100 etc.
331 3043 432 3099 Deinde
446 3042 558 3112 luqmns
571 3041 604 3098 de
619 3041 778 3115 Gyrouaqis,
794 3057 843 3098 eos
856 3059 889 3099 er
905 3044 994 3098 uicina
1007 3042 1085 3098 Italia
1098 3042 1219 3107 deducit,
1234 3057 1295 3113 que
1314 3042 1423 3112 quidem
1444 3044 1555 3098 natione
1574 3039 1684 3096 Gallum
1697 3056 1767 3111 quu-

129 3113 273 3171 ulammodo
291 3112 406 3182 probare
425 3120 549 3182 possunt,
564 3121 593 3168 et
613 3111 705 3168 lorsau
717 3114 785 3169 uixit
807 3114 906 3170 seculo
928 3113 1056 3237 septimo,
1070 3113 1178 3182 quando
1191 3110 1310 3169 usslcium
1332 3110 1445 3184 llojoriu
1466 3111 1566 3167 Domus
1588 3112 1661 3182 apud
1676 3109 1771 3169 Gallos

130 3183 247 3239 maxime
261 3182 363 3238 duruit.
378 3182 417 3236 lle
431 3191 531 3237 cetero
545 3180 626 3250 huius
641 3182 740 3251 requlre
753 3191 851 3237 auctor
864 3183 950 3239 multa
983 3183 1054 3238 ausit
1064 3198 1099 3239 es
1111 3183 1196 3239 sancti
1208 3182 1348 3238 Benedicti
1359 3183 1463 3251 regula,
1478 3184 1549 3237 unde
1560 3183 1659 3306 sergius
1670 3182 1706 3236 alr
1717 3180 1770 3251 illis

129 3254 238 3318 citatur,
253 3253 300 3322 qui
324 3252 351 3307 in
370 3252 441 3307 hanc
453 3249 575 3321 regulam
589 3251 756 3322 scripserunt
767 3253 978 3319 commentaria;
992 3254 1045 3309 etsi
1059 3254 1105 3309 ille
1119 3253 1182 3309 stilo
1194 3253 1253 3310 rudi
1269 3261 1297 3308 et
1311 3253 1428 3309 barbaro
1442 3268 1509 3308 usus
1527 3252 1572 3307 sit.
1612 3267 1644 3308 ec
1657 3250 1768 3315 desunt,

128 3322 176 3393 qui
189 3323 251 3377 lruic
265 3321 370 3377 auctori
385 3320 517 3391 puerilem
534 3319 653 3375 animum
668 3320 835 3390 impingunn
852 3322 915 3377 dunt
925 3338 987 3393 cap.
1000 3322 1038 3378 23
1062 3331 1091 3379 ct
1112 3321 1149 3376 25
1167 3323 1286 3385 rotundat,
1308 3330 1337 3376 ut
1355 3330 1417 3393 pust
1430 3338 1552 3380 rocosum
1565 3322 1643 3378 miese
1657 3321 1772 3389 sinentis

129 3393 225 3449 diebus
247 3392 390 3461 diligenter
402 3390 580 3461 colliqautur,
597 3398 626 3446 et
640 3398 758 3447 exeunte
772 3391 939 3447 hebdomada
952 3401 1118 3464 coquantur,
1141 3401 1170 3447 et
1194 3408 1228 3448 ex
1252 3392 1349 3448 iisdem
1364 3407 1459 3448 omnes
1474 3391 1604 3447 monachi
1618 3400 1770 3460 praesentes

130 3460 277 3587 ιοιιιιιιιεάιεῐὲ
291 3461 412 3543 possint3
432 3459 504 3517 sicut
515 3460 598 3518 etiam
612 3460 748 3531 praecipis,
760 3470 894 3532 quatenus
908 3463 988 3533 panis
1001 3462 1211 3536 pertroclsleam
1225 3463 1366 3519 desursum
1381 3464 1461 3518 cadat
1476 3462 1502 3517 in
1517 3461 1678 3532 cophinum,
1692 3459 1772 3532 quasi

149 3545 248 3588 ecueo
280 3540 489 3589 cmrssusessct.

431 3786 535 3913 ltu
583 3789 1020 3919 MONACHOS
1067 3791 1455 3919 MAGISTRI

768 4024 1123 4142 REGULA.

825 4230 1080 4248 ὴ

577 4328 778 4410 INCIPIT
808 4329 1081 4409 PROLOGUS
1109 4330 1341 4411 REGULAE.

164 4569 286 4634 ouomo,
299 4565 389 4637 primo
402 4564 449 4620 tibi
463 4563 509 4634 qui
523 4562 599 4633 teris,
610 4563 708 4622 deinde
719 4573 748 4620 et
760 4565 809 4621 tilsi
820 4565 867 4636 qui
878 4582 923 4622 me
944 4582 963 4638 q
977 4582 1060 4638 quam
1076 4567 1173 4627 luimus
1183 4571 1250 4628 ueri.
1270 4573 1339 4643 Ergo
1352 4581 1390 4639 tu,
1403 4574 1449 4644 qui
1463 4590 1507 4632 mc
1520 4578 1668 4646 auscultas,
1684 4581 1723 4637 its
1738 4592 1777 4639 at

131 4656 266 4717 tumultus
279 4656 424 4715 dicentem,
439 4653 544 4710 dimitte
558 4655 611 4711 alia
632 4655 714 4712 modu
728 4672 788 4726 quae
802 4657 923 4727 cupitam
979 4661 1072 4727 tende,
1095 4671 1124 4716 ut
1138 4663 1209 4719 dicta
1233 4678 1293 4719 mea
1313 4674 1342 4720 et
1362 4667 1469 4723 auditus
1482 4678 1544 4725 tuus
1555 4684 1605 4739 per
1617 4673 1780 4729 considera-

130 4755 160 4805 et
174 4762 217 4803 rue
229 4746 277 4801 tilsi
291 4745 457 4814 loquentem,
469 4751 498 4800 et
511 4758 560 4814 per
573 4760 605 4800 us
618 4760 708 4801 meum
723 4745 806 4802 licum
820 4754 925 4803 teeon·
981 4751 1082 4807 tionem
1095 4755 1193 4831 spontis
1207 4755 1369 4812 ambulando
1385 4758 1412 4813 in
1427 4758 1534 4814 trivium
1547 4760 1637 4817 cordis
1650 4762 1692 4817 tui
1713 4779 1780 4834 per-

130 4837 283 4894 venientem
295 4849 439 4906 cuguosce.
456 4834 496 4890 Ad
512 4850 591 4906 quem
608 4835 751 4891 Dominum
776 4852 811 4893 es
829 4838 926 4894 volun·
980 4843 1098 4897 ueniant.
1115 4842 1143 4898 ln
1158 4860 1213 4915 quo
1227 4847 1306 4901 trivio
1317 4863 1399 4902 unam
1412 4848 1570 4917 ignorantie
1582 4859 1779 4920 peccatorum,

129 4934 186 4985 tate
199 4931 289 4983 nostra
301 4940 349 4996 per
363 4925 434 4981 bona
445 4933 506 4980 acta
520 4927 564 4981 uel
578 4926 748 4997 beneplacita
759 4928 872 4999 justitie
885 4931 926 4987 ire
980 4943 1042 5005 post
1055 4933 1126 4989 dieta
1146 4951 1206 4991 urea
1227 4938 1355 5000 ueniens;
1377 4948 1438 5009 post
1452 4948 1481 4995 tc
1499 4939 1641 5009 relinque:
1658 4951 1689 4997 et
1708 4941 1781 4999 duas

129 5027 260 5077 deuemus
273 5038 279 5072 :
292 5033 327 5072 ne
337 5031 386 5088 per
397 5016 588 5087 negligentiam
601 5028 774 5088 pcccatorum
789 5022 866 5077 inulti
878 5038 924 5079 ra·
978 5016 1158 5082 observantie
1173 5037 1370 5099 preceptorum
1386 5039 1449 5084 ante
1461 5028 1517 5099 jam
1539 5029 1684 5098 ingredere
1704 5034 1778 5089 nias.

129 5111 236 5182 piamur
250 5107 374 5166 accersiti
387 5122 436 5179 per
448 5116 576 5164 mortem.
595 5109 677 5179 Ergo,
688 5111 806 5180 auditor,
819 5114 866 5184 qui
881 5129 925 5169 mc
978 5113 1013 5170 Et
1024 5114 1088 5172 dum
1102 5117 1246 5187 quaerimus
1260 5119 1294 5173 ad
1312 5118 1397 5174 ileum
1420 5120 1470 5186 irc,
1490 5126 1593 5176 stamus
1608 5121 1634 5175 in
1650 5119 1778 5189 Christo,

129 5202 206 5259 undis
220 5200 366 5268 dicentem,
379 5199 486 5271 percipe
498 5214 558 5269 quae
573 5201 632 5269 utri,
647 5218 701 5258 non
716 5218 748 5260 os
759 5220 860 5273 meum,
875 5205 924 5262 sed
979 5204 1058 5262 trinio
1068 5206 1160 5263 cordis
1171 5211 1267 5272 nostri,
1278 5209 1515 5266 etcunsideremus
1530 5211 1596 5266 istus
1609 5211 1689 5274 duas,
1706 5228 1778 5282 quus

129 5308 179 5364 per
191 5294 261 5349 hene
275 5293 439 5364 scripturam
450 5291 570 5361 loquitur
584 5290 654 5350 Deus
667 5313 673 5348 ε
687 5295 733 5363 qui
749 5305 787 5363 tc,
801 5296 867 5351 dum
881 5296 926 5353 ad·
978 5307 1041 5354 unte
1053 5314 1104 5354 nos
1114 5300 1233 5355 scientim
1245 5301 1425 5371 conspicimus
1438 5301 1506 5357 vius.
1517 5302 1546 5356 ln
1558 5301 1657 5371 quibus
1665 5301 1780 5359 duabus

131 5382 599 5452 lucrinis,conuenitdelsocquol
619 5383 644 5439 ei
664 5393 849 5454 postmortem
863 5386 925 5442 red·
978 5389 1037 5453 viis,
1053 5404 1193 5459 perquam
1217 5391 1251 5444 ud
1272 5389 1356 5446 Deum
1372 5408 1514 5460 possumus
1528 5391 1683 5462 peruenire,
1703 5406 1777 5447 coo·

129 5474 233 5531 diturus
246 5491 276 5532 es
288 5477 432 5532 rationem.
447 5475 515 5543 Quia
531 5475 602 5545 quod
626 5474 716 5531 adhuc
737 5477 870 5542 uiuimus,
891 5478 925 5533 ad
977 5477 1136 5534 sideremus.
1150 5478 1179 5534 Si
1191 5479 1327 5534 sinistram
1343 5491 1474 5548 teucnrus,
1491 5482 1627 5545 tiruemus,
1639 5481 1706 5551 quia
1719 5480 1778 5536 tata

131 5563 251 5621 inducias
260 5565 391 5621 uiuimus:
402 5580 463 5621 cum
478 5581 527 5620 uos
541 5565 627 5634 pietas
639 5562 686 5619 Dei
700 5575 841 5636 exspectat
854 5582 924 5637 quo·
976 5577 1028 5634 est,
1043 5584 1076 5624 ue
1090 5569 1147 5638 ipsu
1167 5570 1212 5635 sit,
1228 5584 1288 5639 quse
1310 5570 1385 5627 ducit
1404 5573 1490 5643 magis
1512 5573 1547 5629 ad
1566 5574 1721 5633 iuteritum.
1745 5571 1777 5629 si

132 5655 206 5725 tidie,
229 5659 376 5726 errrendari,
400 5667 428 5713 ct
451 5657 577 5712 meliores
601 5657 658 5711 vrrlt
681 5673 743 5713 csse
767 5673 817 5715 uos
843 5660 923 5715 leodic
974 5660 1280 5733 destraurcorripiruus.
1304 5666 1374 5721 bene
1388 5665 1469 5735 imus,
1484 5667 1549 5737 quis
1570 5676 1686 5739 augusta
1710 5676 1776 5725 est:
