3810 6128
135 295 198 351 aar
505 288 723 345 uuuartunas
744 287 788 344 sc
806 284 1039 343 restauratum
1060 283 1181 352 eursu..
1200 283 1293 349 aas..
1314 284 1391 340 erc.
1461 253 1464 259 ’
1696 286 1768 341 rua

131 410 184 465 0rs
197 423 257 463 cum
273 406 397 461 omnibus
421 403 598 474 appendiciis,
621 401 763 457 Sautscido
783 416 843 457 eum
868 403 925 457 suis
941 410 962 465 Α
976 399 1132 468 subscripsi.
1157 397 1213 468 Ego
1227 396 1348 453 Thomas
1367 397 1511 467 episcopus
1534 397 1692 467 subscripsi.
1709 401 1768 468 Ego

132 498 309 571 appendiciis,
327 495 494 550 lladouirilla
508 511 570 549 curu
594 493 749 549 molendino
772 509 825 548 uno
844 507 925 565 super
976 489 1052 544 belis
1064 488 1209 558 episcopus
1229 487 1387 556 subscripsi.
1404 486 1458 556 Ego
1471 487 1612 544 duduiuus
1632 491 1765 562 archiepi-

133 590 286 648 Crientonis
300 586 449 648 bartolum,
463 584 535 640 aliud
555 583 737 639 molendinum
749 583 776 637 in
790 583 925 638 dominica
975 595 1075 650 scopus
1089 578 1246 648 subscripsi.
1262 577 1318 647 Ege
1333 578 1531 647 dustregisilus
1546 581 1690 650 episeopus
1700 582 1764 636 sub·

132 690 220 743 curte,
236 676 370 733 llaraculo
382 690 444 732 curn
462 676 627 744 integritate,
648 675 761 730 ecclesia
775 688 835 730 cum
849 673 925 739 dote,
976 670 1084 741 scripsi.
1099 668 1156 739 Ego
1179 668 1365 739 berengarius
1378 671 1525 739 episcopus
1540 672 1696 742 subscripsi.
1711 671 1766 742 Ego

133 768 315 826 decimancula
339 769 365 823 in
389 767 492 822 bodulli
507 777 598 835 curte,
612 768 735 823 similiter
750 768 776 821 iu
794 766 923 833 buziaco,
976 759 1098 815 Silvinus
1112 760 1257 830 episcopus
1278 760 1437 830 subscripsi.
1454 758 1509 828 Ego
1525 759 1717 830 leodegarius,
1732 765 1767 818 ab

133 877 168 917 ex
182 860 311 916 bodicruu
325 859 369 914 die
388 867 415 913 et
435 859 461 913 in
477 858 609 928 reliquum
637 868 742 928 tempus
755 858 790 912 sit
803 873 829 912 tn
846 865 924 926 pote·
977 851 1061 922 impio
1080 852 1172 922 judice
1191 851 1310 908 Ebroino
1324 853 1454 908 cathedra
1470 852 1705 923 Augustidunense
1717 853 1766 909 de·

133 961 205 1008 state
217 950 411 1007 canonicorum
432 949 459 1003 in
474 950 534 1020 ipso
548 948 713 1004 munasterio
734 946 790 1001 beu
804 946 925 1001 seruien·
978 944 1093 1012 positus,
1108 944 1204 1011 scripsi
1217 951 1246 998 et
1259 943 1415 1014 subscripsi.
1428 941 1494 998 Data
1507 953 1606 999 octavo
1620 943 1682 1000 ldus
1694 944 1766 1012 llaii,

135 1043 211 1097 tium.
227 1041 281 1097 Nec
296 1040 392 1109 aliquis
406 1047 549 1109 prasumat
562 1054 595 1095 ex
606 1040 648 1094 bis
659 1055 718 1108 qua
731 1039 854 1104 diximus,
867 1053 927 1108 quoe
977 1047 1049 1087 anuo
1061 1033 1178 1102 septimo
1195 1033 1270 1102 regni
1286 1033 1390 1087 domiui
1406 1032 1492 1089 nostri
1507 1031 1668 1089 Theoderici
1685 1036 1765 1103 regis,

134 1141 300 1188 memoratus
316 1130 430 1201 inclytus
445 1146 491 1185 res
507 1129 634 1184 derebus
649 1128 765 1199 propriis
777 1136 804 1183 ct
818 1126 851 1182 de
866 1127 927 1181 aliis
976 1125 1126 1180 indictione
1141 1124 1170 1194 ij.
1189 1126 1245 1193 llgo
1266 1124 1442 1180 vindicianus
1457 1124 1611 1196 episcopus,
1625 1127 1700 1195 jussu
1715 1127 1766 1181 do·

134 1235 184 1290 per
203 1219 292 1288 regale
305 1225 468 1289 preceptum
481 1217 568 1272 eidem
588 1218 650 1271 loco
664 1214 797 1284 delegavit
811 1215 844 1270 ad
857 1229 927 1285 opus
982 1217 1046 1272 mini
1069 1215 1230 1271 Theoderici
1253 1217 1334 1284 regis,
1360 1223 1388 1270 et
1411 1226 1507 1286 rogatu
1524 1217 1655 1274 lobannis
1668 1219 1765 1274 summi

134 1311 304 1373 elericorum,
320 1309 419 1363 irrierre
432 1308 548 1378 aliquam
562 1307 721 1372 molestiam,
737 1307 785 1362 sed
799 1307 879 1362 liceat
888 1306 928 1360 eis
978 1306 1125 1378 pontilicis,
1140 1305 1235 1377 scripsi
1248 1314 1276 1361 et
1288 1305 1451 1375 subscripsi.

135 1402 225 1470 quiete
247 1399 336 1455 urania
362 1399 511 1469 possidere,
534 1415 588 1468 quo
613 1398 720 1453 valcant
743 1398 852 1453 liberius
877 1413 927 1466 pro

136 1505 204 1561 pace
217 1497 319 1545 macta
340 1488 387 1544 bet
408 1488 549 1554 Ecclesiae,
565 1498 592 1544 et
606 1489 660 1542 vita
678 1488 750 1557 regis
764 1495 792 1542 et
805 1486 928 1557 coniugis
1338 1459 1409 1515 m·

136 1596 169 1636 ae
182 1580 309 1646 liliorum,
324 1594 356 1635 ae
377 1587 450 1634 statu
464 1578 549 1648 regui,
566 1578 670 1634 Domini
689 1577 859 1633 clementiam
881 1593 928 1633 ex·
978 1576 1074 1631 Charta
1088 1592 1137 1644 quc
1150 1572 1174 1626 N
1178 1573 1272 1626 isesias
1285 1578 1310 1625 et
1325 1569 1510 1634 Erutiutrtrdrs,
1522 1573 1618 1641 conjux
1634 1572 1701 1639 ejus,
1715 1588 1768 1626 ruo·

1015 1644 1127 1699 austerio
1145 1643 1310 1697 dieisiucerrsi
1324 1642 1436 1708 piurima
1447 1641 1670 1713 jurcucttditiorris
1688 1643 1768 1695 tradit

135 1684 224 1727 erare.
233 1669 261 1725 Si
271 1671 332 1739 quis
343 1684 407 1725 vero
416 1670 574 1724 observator
589 1668 668 1737 hujus
678 1667 809 1738 privilebii
823 1683 838 1723 ²
851 1667 929 1723 ¹¹⁰b⁵⁸
1015 1715 1115 1785 epm,
1130 1712 1205 1781 qap),

136 1762 201 1818 editi
216 1761 353 1826 extiterit,
374 1760 488 1831 accipiat
505 1758 656 1814 mercedem
670 1774 686 1813 a
701 1758 824 1825 bomine,
839 1766 865 1814 et
879 1759 925 1812 be·
941 1759 964 1819 b

136 1853 317 1908 nedictiooem
332 1867 347 1907 a
363 1853 440 1907 vobis
450 1862 478 1906 et
490 1852 524 1906 ab
537 1851 663 1907 onruibus
677 1850 755 1905 nobis
766 1850 792 1904 in
805 1849 927 1919 praesenti
1015 1846 1167 1902 lcrrerauttt
1182 1848 1210 1904 iu
1225 1848 1333 1905 Christo
1354 1846 1427 1902 Patri
1449 1857 1477 1902 et
1488 1849 1598 1904 domiuo
1614 1849 1764 1919 apostolice

137 1944 202 2008 sita,
217 1950 244 1998 et
259 1943 285 1997 in
308 1942 396 1997 lutura
410 1942 492 1996 vitam
514 1949 655 2005 aeternam,
678 1955 768 1995 amen.
791 1938 840 2005 Qui
862 1953 928 1994 vero
979 1938 1111 1994 leotadio
1125 1939 1225 2005 abbati,
1242 1939 1285 1994 vel
1301 1939 1374 1994 omui
1389 1940 1592 2009 congregacioni
1607 1940 1764 1996 monasterii

136 2042 235 2089 nostrae
256 2033 426 2089 auctoritatis
445 2032 679 2103 parvipenderint,
694 2040 721 2087 et
735 2032 805 2087 harre
818 2029 928 2101 pontili·
979 2029 1163 2085 bluisiacensis
1177 2029 1250 2099 quod
1273 2029 1343 2085 iulra
1365 2044 1436 2101 pago
1450 2029 1596 2087 Caturcino
1618 2031 1766 2086 inhonore

136 2125 223 2181 caten
245 2125 433 2180 auctoritatem
454 2140 535 2179 mauu
555 2133 648 2180 nostra
662 2126 817 2180 roboratam
833 2123 926 2179 iuiriu·
979 2121 1066 2175 saucti
1079 2118 1151 2174 Petri
1167 2129 1352 2176 constructum
1366 2135 1427 2176 esse
1440 2121 1556 2177 videtur.
1572 2121 1628 2191 Ego
1639 2123 1710 2177 euim
1722 2121 1768 2176 tvt-

136 2215 422 2284 gerevuluerint,irrde
432 2214 734 2286 dirigimusadvestram
746 2215 927 2277 clernentiam,
980 2212 1070 2268 senius
1083 2219 1111 2268 ct
1127 2228 1196 2268 uxor
1211 2227 1272 2267 mea
1293 2211 1483 2277 Ernriutrudis,
1498 2213 1560 2267 dum
1575 2221 1679 2268 reatum
1701 2228 1723 2268 c·
1736 2229 1767 2266 u-

136 2316 166 2360 ut
187 2305 259 2375 quod
283 2322 298 2361 a
322 2307 400 2362 uobis
421 2306 578 2361 roboratum
593 2313 634 2362 est
655 2307 750 2362 stabis
769 2305 928 2376 permittatis
980 2305 1100 2360 scientiae
1115 2313 1216 2361 nostrae
1237 2304 1407 2373 agnovimus,
1433 2311 1542 2374 oportet
1562 2304 1640 2360 nobis
1656 2311 1685 2359 ut
1706 2304 1768 2358 ditm

135 2411 190 2450 uon
202 2395 317 2451 solutus
333 2398 418 2463 robis,
433 2397 480 2452 scd
495 2397 529 2452 ab
544 2398 669 2453 omnibus
683 2397 782 2453 nostris
796 2396 928 2466 episcopis
982 2395 1052 2449 beus
1067 2395 1094 2449 in
1110 2404 1203 2450 nostra
1219 2393 1361 2450 vuluntate
1374 2395 1476 2465 posuit,
1491 2395 1639 2451 secuudum
1654 2409 1769 2465 eratrge-

134 2485 182 2555 qni
195 2493 257 2540 suut
278 2499 342 2555 erga
366 2503 424 2542 ros.
445 2487 515 2542 beus
535 2488 717 2557 omnipotens,
740 2487 785 2555 qui
800 2486 927 2542 cathedra
979 2483 1059 2539 licam
1074 2483 1230 2551 lectionem,
1246 2498 1336 2539 rerum
1354 2483 1596 2554 dispensationem,
1611 2485 1708 2540 exinde
1721 2500 1769 2556 per

136 2573 248 2629 unitatis
262 2573 410 2630 doctrinam
423 2574 513 2646 posuit
525 2575 656 2643 veritatis,
671 2574 752 2630 iaciat
764 2590 811 2629 vus
824 2589 926 2630 naeuo-
979 2576 1027 2631 liei
1043 2575 1183 2632 introitum
1199 2574 1362 2640 laceremus,
1379 2584 1407 2630 et
1422 2575 1500 2651 utad
1515 2591 1563 2630 nos
1580 2576 1625 2629 ilat
1638 2575 1769 2629 Dominus

135 2678 194 2719 rem
208 2664 456 2736 intellectoremque
474 2668 530 2731 sui,
547 2668 705 2737 placeatque
723 2668 800 2723 uobis
814 2675 925 2738 propter
977 2667 1047 2722 sicut
1067 2667 1094 2721 in
1117 2681 1167 2722 sue
1188 2666 1315 2735 dignatus
1330 2675 1370 2721 est
1386 2664 1533 2735 Evangelio
1547 2665 1637 2720 dicere
1656 2680 1664 2719 r
1683 2663 1765 2728 Vnde,

135 2769 207 2818 earm,
226 2756 253 2810 iu
267 2757 433 2813 orationibus
447 2759 542 2814 vestris
557 2759 712 2815 meminisse
730 2761 812 2815 etiam
835 2761 888 2815 mei
900 2771 925 2816 ⁸.
976 2753 1056 2808 aalide
1070 2755 1156 2810 omnio
1171 2769 1228 2826 quor
1244 2752 1333 2820 bobes,
1351 2763 1376 2808 ct
1396 2753 1430 2806 da
1444 2751 1606 2824 pnrrprrihas,
1622 2752 1766 2807 attentetis

136 2843 295 2901 vindiciano
314 2862 376 2903 eum
400 2850 568 2919 coepiscopis
591 2849 751 2919 degentibus
777 2848 926 2906 Galliarum
978 2845 1125 2900 thesaurum
1139 2848 1167 2901 in
1187 2846 1271 2912 coelo,·
1286 2855 1312 2902 et
1326 2848 1392 2912 ueni,
1417 2857 1442 2901 et
1461 2863 1631 2925 sequere-ure.
1649 2845 1683 2900 Et
1704 2845 1765 2900 idco

110 2945 117 2957 ·
136 2935 234 2991 tinibus
254 2933 400 2992 ir'atemam
420 2939 599 2995 visitationem
622 2949 649 2994 et
664 2949 802 3011 paternam
816 2941 927 2996 benedi·
978 2952 1028 2992 nus
1042 2937 1113 2993 banc
1127 2936 1161 2993 ad
1175 2953 1267 2993 veram
1282 2953 1378 2993 vocem
1394 2940 1472 2995 vobis
1495 2938 1659 3009 supradictis
1679 2938 1767 2995 sertis

134 3024 261 3080 ctionem.
285 3026 381 3083 Audite
400 3031 561 3083 seutentiam
584 3044 664 3100 quam
683 3029 753 3085 dico.
769 3029 797 3084 st
819 3031 879 3099 quis
892 3031 926 3086 de
941 3055 963 3109 t'.
979 3025 1036 3094 Dei,
1051 3026 1095 3082 vel
1109 3026 1143 3081 ad
1157 3041 1264 3083 omnem
1280 3030 1586 3098 congregationemque
1599 3028 1694 3099 inipso
1707 3044 1765 3084 mo·

134 3118 337 3174 successoribus
349 3122 456 3185 vestris,
473 3122 515 3176 vel
529 3137 631 3186 comes,
647 3138 695 3177 seu
709 3122 842 3192 cupiditas
855 3123 927 3193 judi·
979 3118 1099 3174 nasterio
1114 3119 1238 3189 superius
1254 3119 1393 3174 nominato
1406 3128 1591 3176 constructum
1611 3135 1672 3176 esse
1685 3120 1762 3176 vide·

134 3221 195 3262 eum
207 3216 254 3262 arrt
267 3208 320 3264 ulla
336 3213 460 3281 opposita
472 3227 598 3282 persona,
615 3213 683 3267 banc
696 3211 870 3269 donationem
885 3215 928 3269 rel
979 3217 1032 3276 tur,
1047 3210 1119 3267 dene
1141 3223 1192 3279 ego
1207 3211 1234 3265 iu
1257 3225 1324 3281 pago
1339 3210 1475 3267 Tolosano
1499 3212 1576 3267 villas
1597 3221 1765 3283 nuncupatas

134 3297 369 3356 confirmationem
383 3316 463 3372 quam
479 3318 528 3372 pro
544 3304 590 3359 pei
612 3304 710 3358 intutus
727 3314 755 3359 οι
778 3320 869 3360 amo„
883 3306 925 3361 qq.
978 3299 1209 3364 calmeabilidem,
1236 3298 1404 3368 barolingus,
1430 3298 1632 3367 vivaderemus,
1658 3300 1766 3355 Sambi·

133 3386 199 3442 rino
210 3388 266 3444 lteri
281 3391 323 3446 vet
338 3390 445 3449 limare
464 3393 631 3462 decrevistis,
647 3395 768 3451 nrtnuerc
779 3404 826 3451 aut
838 3411 853 3450 a
867 3396 926 3453 loco
978 3391 1061 3453 tiano,
1077 3406 1137 3446 curu
1149 3389 1222 3446 amnt
1237 3390 1402 3460 integritare,
1418 3404 1467 3459 per
1481 3389 1613 3445 terminos
1627 3405 1659 3446 ae
1673 3390 1765 3448 loeas

135 3473 286 3534 distrahere
301 3480 436 3547 maluerit,
449 3483 597 3553 apostolica
610 3484 743 3540 sententia
757 3485 924 3552 damnamus,
977 3482 1056 3538 uobis
1070 3483 1227 3552 designata;
1250 3491 1277 3538 ct
1298 3482 1326 3537 in
1350 3481 1404 3537 alio
1429 3481 1502 3551 loco,
1518 3480 1587 3536 inira
1609 3481 1668 3552 ipso
1684 3496 1763 3552 pago,

133 3576 164 3624 et
178 3583 226 3638 per
240 3572 421 3640 pontilicalenv
437 3573 625 3629 auctoritatem
640 3576 663 3629 a'
676 3575 812 3631 liminibus
826 3587 926 3633 sanctae
977 3575 1044 3630 alias
1057 3576 1136 3631 villas
1157 3586 1265 3632 nostras
1285 3576 1441 3644 Ammiano,
1456 3586 1548 3631 curtes
1563 3585 1670 3630 nostras
1684 3575 1765 3630 indu·

134 3658 184 3715 Dei
205 3659 331 3720 Ecclesiae
350 3674 560 3735 sequestramus,
583 3678 609 3721 et
626 3683 641 3721 a
660 3676 732 3723 cortu
746 3684 924 3739 supernorum
976 3667 1128 3731 tuinicatas,
1150 3682 1212 3721 curu
1227 3667 1351 3722 ecclesiis
1365 3675 1413 3720 aut
1426 3666 1543 3730 solariis,
1560 3674 1588 3719 et
1603 3665 1721 3731 riveriis,
1735 3673 1764 3721 et

133 3765 320 3821 segregamus,
335 3765 363 3810 et
376 3771 392 3810 a
404 3770 486 3825 reguo
500 3755 546 3811 bei
558 3756 739 3822 excludimus3
754 3759 838 3813 sancti
852 3757 925 3814 Petri
976 3758 1135 3825 fructuario,
1150 3757 1313 3828 piscatoriis,
1326 3755 1487 3812 molendinis
1498 3756 1577 3811 simul
1588 3771 1649 3811 cum
1661 3770 1764 3826 appen-

132 3840 234 3897 Christi
246 3844 370 3914 ianitoris
384 3859 465 3917 atque
478 3847 605 3915 clavigeri
620 3849 734 3904 caelestis
753 3850 827 3917 regui
842 3850 924 3906 inter·
977 3848 1054 3904 diciis
1068 3849 1135 3915 suis,
1152 3849 1294 3918 besingus,
1310 3848 1471 3903 scoternam
1486 3848 1578 3902 villam
1593 3855 1621 3903 et
1634 3845 1764 3903 Oriolliu·

131 3933 206 3990 dictu
226 3937 428 4007 interdicimus;
454 3949 482 3994 et
504 3955 565 3995 cum
585 3937 654 3994 luda
675 3939 803 3994 traditore
819 3941 924 3996 bomini
975 3953 1033 4004 gus,
1045 3938 1107 3992 villa
1119 3952 1166 3992 seu
1178 3936 1343 3992 Gannicolas
1353 3937 1458 4006 villare,
1469 3952 1530 3993 cum
1546 3937 1661 3994 ecclesia
1675 3940 1764 3995 sancti

132 4026 218 4080 nostri
230 4026 293 4082 lesu
304 4029 403 4085 Christi
415 4038 489 4085 sorte
500 4028 681 4100 permittimus
693 4036 721 4082 ut
738 4029 764 4084 in
778 4029 822 4084 die
830 4029 923 4099 judicii
975 4025 1106 4094 liscardi,
1121 4042 1182 4097 quse
1197 4034 1239 4082 est
1252 4026 1321 4082 inira
1338 4029 1397 4099 ipso
1414 4028 1541 4093 terminu,
1558 4029 1707 4084 cumomni
1722 4030 1764 4083 in·

132 4131 195 4171 cum
207 4116 315 4175 diabolo
328 4130 356 4175 et
370 4121 498 4175 ministris
510 4120 569 4190 ejus
579 4119 653 4176 luctu
664 4119 803 4188 quatiente
818 4112 923 4178 iuleruo
976 4117 1099 4189 tegritate
1112 4127 1140 4172 et
1151 4118 1300 4184 soliditate,
1310 4134 1372 4174 cum
1383 4118 1468 4174 servis
1479 4126 1506 4173 et
1516 4118 1620 4175 colonis
1631 4128 1659 4174 et
1670 4129 1762 4177 mente

132 4204 305 4276 pertruantur
317 4209 376 4265 sine
387 4210 496 4279 gaudio.
509 4209 606 4265 buren.
974 4210 1144 4275 libertorum,
1163 4227 1214 4266 una
1227 4225 1276 4279 per
1297 4210 1427 4266 terminos
1442 4219 1470 4266 et
1485 4210 1545 4266 loca
1564 4225 1581 4265 a
1596 4211 1674 4267 nobis
1688 4211 1763 4268 desi·

168 4294 224 4365 Ego
235 4296 372 4356 lohannes
385 4316 455 4372 papa
470 4302 523 4357 boc
536 4302 705 4373 privilegium
720 4316 736 4356 a
755 4318 814 4357 mea
831 4305 921 4372 parvi·
974 4310 1076 4370 gnata:
1093 4301 1119 4357 id
1135 4311 1188 4371 est,
1204 4301 1238 4358 de
1253 4301 1336 4358 lluuio
1351 4298 1495 4357 Garumna
1507 4318 1555 4374 per
1567 4301 1685 4358 hlamare
1698 4318 1765 4374 gur·

132 4393 190 4443 tate
203 4390 306 4446 editum
322 4392 426 4447 lirmavi
439 4409 471 4450 ae
486 4394 623 4450 roborari.
635 4394 692 4463 Ege
706 4394 834 4466 llarinus,
851 4396 921 4452 vica·
939 4394 1046 4467 ugite3
1062 4392 1125 4449 inde
1140 4393 1290 4463 permedia
1304 4393 1369 4447 villa
1380 4392 1461 4459 Salis,
1471 4408 1531 4447 cum
1542 4392 1658 4448 ecclesia
1672 4393 1759 4449 sancti

130 4479 189 4535 ritus
201 4482 273 4538 sedis
287 4486 456 4555 apostolica,
477 4485 581 4542 firmavi
597 4502 629 4543 ac
643 4489 782 4544 roboravi.
796 4486 853 4557 Ego
866 4485 922 4541 bn·
973 4483 1122 4552 Saturnini,
1145 4499 1239 4554 quam,
1255 4483 1318 4537 datu
1344 4484 1432 4554 pretio
1458 4491 1564 4551 nostro,
1579 4483 1613 4539 de
1628 4484 1762 4543 Guirardo

132 4572 212 4628 dreas
220 4576 363 4645 episcopus
374 4578 533 4648 subscripsi.
545 4581 601 4648 Ego
610 4579 772 4634 bonibertus
780 4580 923 4649 episcopus
973 4575 1110 4646 quondam
1133 4576 1184 4630 cisi
1209 4591 1302 4632 sumus
1322 4591 1512 4645 comparasse;
1530 4576 1594 4631 iude
1609 4592 1658 4647 per
1671 4577 1761 4636 lavuru

131 4664 289 4733 subscripsi.
301 4664 357 4734 Ego
368 4667 529 4724 Laurentius
539 4670 683 4740 episcopus
697 4670 854 4740 subscripsi.
866 4668 923 4741 Ego
973 4667 1108 4738 quondam
1124 4667 1237 4723 Perusia
1251 4683 1298 4738 per
1313 4667 1414 4722 iontem
1431 4669 1457 4723 iu
1475 4671 1629 4734 conasticis,
1642 4685 1703 4741 qua.
1719 4682 1761 4728 est

132 4750 332 4811 l’edelbrandus
345 4759 489 4827 episcopus
503 4758 662 4829 subscripsi.
677 4756 732 4828 Ego
753 4760 854 4816 Neuter
867 4761 923 4830 epi·
973 4761 999 4816 in
1016 4760 1103 4816 media
1119 4774 1201 4830 agra;
1224 4769 1308 4828 atque
1333 4759 1396 4815 inde
1419 4761 1542 4831 pervenit
1562 4777 1648 4833 usque
1671 4764 1760 4821 Naua-

132 4856 233 4912 scopus
243 4846 399 4917 subscripsi.
414 4848 470 4918 ligo
481 4849 599 4904 llilarius
609 4851 754 4921 episcopus
765 4851 921 4921 subscripsi.
972 4851 1066 4916 lieuse,
1082 4864 1131 4905 seu
1150 4849 1176 4904 in
1197 4856 1318 4905 montem
1333 4848 1469 4905 beretonii
1484 4851 1619 4920 quondam
1634 4869 1718 4925 usque
1733 4855 1761 4910 in

132 4932 190 5003 Ego
205 4934 383 4994 Constantius
397 4942 541 5011 episcopus
556 4941 714 5013 subscripsi.
727 4942 783 5012 Ego
795 4942 922 4998 llartinus
972 4941 1147 5011 stirpiniago,
1162 4947 1191 4995 et
1205 4939 1304 4995 sallum
1321 4940 1433 4997 Errraldi
1450 4958 1535 5012 usque
1550 4944 1576 4999 iu
1597 4943 1686 4999 media
1700 4944 1762 5000 Sal·

131 5025 276 5097 episcopus
290 5031 447 5102 subscripsi.
463 5031 518 5104 Ege
539 5031 753 5105 christophorus
776 5034 922 5105 episcopus
972 5031 1070 5098 dimia;
1084 5031 1146 5087 inde
1158 5046 1207 5102 per
1218 5030 1348 5102 bivigooe
1364 5046 1450 5102 usque
1465 5033 1492 5087 in
1507 5035 1663 5102 supradicto
1675 5035 1757 5092 durio

168 5209 181 5237 ⁸
197 5203 246 5260 llic
260 5206 414 5265 chronicon
436 5211 518 5266 habet
531 5220 558 5265 ut
572 5213 630 5280 iiie,
651 5229 710 5283 quae
724 5229 805 5271 voces
820 5214 922 5270 nullum
972 5222 1028 5266 tum
1041 5211 1267 5276 lloisiaceusium,
1279 5212 1346 5267 Non.
1358 5211 1537 5267 Gattctntsr.
1553 5223 1573 5267 t.
1588 5214 1607 5279 l,
1619 5215 1672 5270 col.
1686 5215 1757 5273 lab:

130 5287 243 5359 sevisum
258 5278 388 5345 praebent.
971 5282 1093 5337 diversus
1113 5297 1178 5335 saue
1197 5297 1212 5335 a
1234 5282 1361 5337 leotadio
1374 5283 1418 5348 qui
1436 5282 1593 5339 Auscii-nais
1612 5287 1760 5351 episeopus

168 5343 322 5401 *tuarum
345 5349 417 5405 hanc
439 5351 556 5419 uulgauit
570 5353 752 5415 liabillonius,
776 5355 846 5408 dnn.
861 5362 882 5408 t.
897 5354 918 5418 l,
971 5353 1074 5407 exstitit
1087 5353 1137 5407 sub
1151 5352 1228 5407 initio
1242 5353 1331 5406 sacculi
1348 5366 1403 5406 rut.
1416 5352 1454 5406 be
1467 5353 1508 5405 luis
1520 5353 1619 5410 videsis
1634 5355 1758 5412 llabillo·

130 5428 194 5495 pag3
206 5413 270 5498 libb,
282 5429 385 5500 erutam
395 5435 429 5474 ex
441 5421 550 5476 archivo
560 5422 743 5480 lloisiacensis
753 5425 918 5482 rrronasterii.
972 5423 1055 5488 nium,
1072 5424 1142 5476 dnn.
1162 5430 1182 5475 t.
1198 5420 1219 5485 l,
1234 5435 1294 5488 pag.
1310 5420 1372 5484 358,
1389 5430 1417 5474 et
1428 5420 1575 5491 Coiutium,
1589 5426 1660 5480 hun.
1675 5433 1696 5480 t.
1709 5425 1756 5493 lll,

133 5482 172 5534 tta
189 5486 258 5540 illius
283 5499 439 5543 stnccrtttte
461 5491 531 5546 nulla
556 5492 661 5546 videtur
684 5493 823 5548 dubitandi
839 5496 918 5551 ratio.
972 5507 1032 5563 pag.
1056 5491 1119 5547 252.
1146 5491 1240 5545 Exstat
1256 5491 1348 5544 charta
1372 5490 1466 5545 eadem
1491 5491 1517 5545 in
1542 5492 1591 5548 tls.
1616 5497 1701 5563 regio,
1716 5497 1756 5551 si-

132 5551 290 5635 laetodius,
313 5558 360 5627 qui
383 5559 481 5614 dicitur
501 5562 584 5615 abbas
608 5563 804 5627 bloisiaceusis,
827 5578 919 5620 mense
971 5574 1052 5631 gnato
1066 5561 1145 5620 ttat.
1163 5575 1225 5615 scae.
1242 5576 1275 5613 xv
1289 5568 1412 5626 exarato,
1428 5560 1475 5615 sed
1492 5562 1529 5617 ita
1544 5564 1710 5630 inaccurate,
1727 5575 1758 5621 ut

130 5622 213 5704 ”9¹⁰0
229 5639 300 5707 tutto
316 5629 330 5675 7
344 5629 417 5696 regni
429 5629 590 5686 Theoderici
601 5631 644 5696 ΙΙΙ,
658 5633 745 5697 idest,
760 5650 831 5689 errno
842 5633 919 5688 Cbri-
971 5633 1032 5687 inde
1044 5632 1134 5685 varias
1146 5630 1278 5684 lectiones
1294 5645 1440 5699 excerpere
1461 5639 1680 5703 operaepretium
1700 5652 1757 5692 uon

129 5700 166 5747 str
183 5692 246 5762 dbb,
263 5694 305 5751 lus
320 5699 485 5768 temporibus
496 5701 571 5770 risit,
585 5703 660 5772 justa
676 5704 827 5774 catalogum
839 5704 919 5760 abba·
970 5704 1014 5758 sit.
1031 5703 1067 5758 be
1077 5716 1131 5772 quo
1141 5701 1208 5771 ipse,
1220 5699 1344 5770 iuspecto
1354 5698 1463 5770 Codice,
1474 5703 1573 5759 certior
1585 5704 1670 5763 lamus
1680 5722 1756 5764 sura.
