3810 6128
160 247 213 307 dib

655 250 884 339 *uhtehstthts
904 252 1172 318 LOCOCirlGENSlS
1192 262 1344 320 iltithlll

1737 280 1793 337 διδ

194 360 274 418 Fides
292 377 461 433 nequaquam
475 362 500 416 ri
514 369 702 431 extorquetur,
725 363 772 419 sed
786 364 893 421 ratione
905 373 947 420 at·
965 369 1085 439 Agratia
1100 391 1107 426 r
1124 383 1153 430 ut
1166 376 1236 433 aient
1252 380 1373 448 regnarit
1393 392 1531 450 peceatum
1552 387 1579 440 in
1604 399 1733 458 mortem,
1755 396 1792 450 ita

158 466 213 522 que
226 453 358 523 exemplis
370 453 499 508 stradetnr
513 452 539 506 iu
554 453 648 507 corde.

1002 470 1030 518 ct
1047 466 1133 533 gratia
1157 479 1252 538 regnet
1273 486 1323 542 per
1349 473 1483 542 justitiam
1506 478 1533 532 in
1555 480 1638 536 uitam
1658 493 1791 543 aeternam

197 544 314 614 Respicit
327 544 398 599 Deus
418 543 508 608 fidem,
522 543 567 597 uhi
581 558 611 597 se
625 559 678 599 uon
692 554 806 613 possunt
822 546 950 604 'homines
1001 554 1089 623 (Rom.
1105 559 1133 627 r)

87 678 91 684 .
157 635 465 712 excusarerhdeseuim
476 634 626 704 quaeeorde
637 636 770 691 retinetur
780 637 949 695 consessione
1034 648 1172 720 Stipendia
1192 655 1391 724 enimpeceati,
1407 664 1707 732 mors;gratiaanteut
1727 670 1789 744 Dei,

156 727 213 782 oris
226 726 259 780 ad
273 726 388 781 salutern
402 726 547 795 protertur.

190 816 266 872 llulti
282 815 362 872 fidem
375 817 474 872 Christi
487 832 521 872 ea
534 818 617 874 corde
638 834 692 874 non
708 828 810 884 amant,
832 822 881 877 sed
895 822 946 877 hu·

154 922 235 962 niano
250 915 362 970 terrore,
379 907 501 963 eanrdem
515 924 563 978 per
578 909 742 980 hypocrisim
759 921 851 968 tenere
865 928 895 968 se
907 914 946 968 si-

153 1000 274 1054 mulant:
290 1008 318 1053 et
339 1000 384 1070 qui
406 1015 538 1057 essenon
560 1011 672 1072 possunt
694 1013 788 1075 aperte
808 1003 882 1072 mali,
898 1020 946 1076 per

153 1101 284 1149 terrorem
300 1091 362 1148 licte
373 1099 521 1147 noscuntur
533 1092 607 1148 boni.

426 1205 537 1261 CAPUT
551 1207 668 1262 Xthll.

495 1297 534 1351 De
548 1315 601 1368 spe.

491 1405 601 1445 usuum.

998 739 1052 794 uita
1066 750 1165 797 aeterna
1180 744 1269 814 (hom.
1284 750 1331 816 vr).

1034 829 1183 903 Unicuique
1204 846 1295 893 autem
1312 850 1433 898 nostrum
1447 845 1509 900 data
1525 856 1567 902 est
1581 851 1666 920 gratia
1686 866 1787 911 secun·

996 922 1060 979 dum
1075 939 1227 983 mensuram
1241 930 1392 990 donationis
1402 934 1499 992 Christi
1513 937 1621 1011 (Ephes.
1637 943 1688 1013 tri.

1326 1039 1454 1083 sstotrou.

1030 1107 1081 1175 Qui
1090 1110 1232 1180 bonusest,
1241 1114 1607 1189 aDominohaurietgratiam
1619 1125 1710 1196 (Pron.
1721 1131 1785 1199 stt).

1030 1199 1105 1257 Oculi
1121 1202 1159 1257 tui
1174 1205 1230 1260 uias
1242 1205 1348 1263 Domini
1369 1209 1530 1278 custodiant,
1548 1222 1578 1269 ut
1591 1215 1706 1275 addatur
1719 1233 1783 1290 gra-

997 1293 1031 1346 tia
1046 1294 1127 1362 capiti
1144 1303 1201 1352 tun.

1029 1381 1122 1438 Gratia
1137 1384 1255 1443 daturin
1268 1401 1413 1463 conspeetu
1425 1397 1513 1454 omnis
1526 1399 1652 1458 uirentis.

184 1481 240 1538 Nos
254 1482 305 1552 ipsi
317 1468 449 1553 primitias
464 1483 575 1552 spiritus
590 1483 730 1550 habentes,
754 1493 943 1557 exspectamus
1028 1471 1077 1528 1311
1090 1473 1178 1544 (111111,
1192 1479 1236 1533 1111
1251 1485 1461 1554 110111111111δὶ
1476 1495 1558 1545 11111
1572 1488 1660 1559 1111111,
1677 1493 1720 1550 0111
1735 1510 1779 1552 re·

148 1574 364 1646 redemptionem
376 1594 382 1629 :
394 1591 442 1647 spe
452 1576 597 1631 enimsalri
607 1576 863 1650 lactisumtrslllom.
872 1582 940 1651 utut).

134 1667 135 1671 ’
173 1666 251 1745 vSpes
261 1677 350 1723 autem
364 1684 423 1737 quar
434 1669 612 1738 ridetur,non
627 1679 669 1726 est
682 1688 745 1742 spes
760 1672 867 1745 (ibid).

181 1757 248 1814 Nam
262 1758 333 1826 quoti
344 1758 416 1814 ridet
430 1759 499 1829 quis,
515 1761 579 1829 quid
594 1770 684 1831 sperat
699 1762 724 1834 (l
729 1763 817 1834 didi?

181 1850 312 1906 Siautem
323 1851 395 1920 qnod
408 1868 461 1907 non
476 1853 598 1908 uidemus
611 1869 761 1925 speramus,
777 1872 826 1927 per
836 1859 940 1929 patien-

145 1939 211 1996 tiam
225 1947 415 2010 exspectamus
428 1939 535 2013 (idid).

179 2094 182 2101 ,
479 2050 601 2092 aurosus.

178 2121 229 2190 Qui
245 2123 316 2178 eninr
331 2123 447 2190 hesitat,
462 2126 558 2181 similis
578 2135 619 2183 est
641 2127 733 2185 hrictni
756 2131 848 2197 maris,
862 2133 907 2201 qui
922 2148 937 2187 a

143 2222 226 2270 rento
239 2222 364 2270 movetur
376 2222 404 2269 et
416 2215 604 2272 circumfertur
620 2217 723 2289 (tarot.
735 2222 768 2292 rt.

474 2323 607 2368 sueonos.

178 2395 355 2469 Exspectatio
364 2399 508 2470 iustorum,
522 2402 613 2459 letitia
625 2419 706 2475 :spes
719 2406 863 2478 impiorum
872 2424 936 2480 per·

141 2489 190 2548 ihil
203 2490 293 2560 (Pron.
312 2493 351 2560 ιι).

175 2583 244 2654 Spes
258 2599 317 2655 quae
328 2581 459 2651 diliertur,
475 2584 570 2657 ailligit
583 2602 699 2643 ammam
712 2588 803 2660 (Pron.
816 2592 887 2664 xrn).

465 2689 602 2733 cateruas.

174 2763 267 2834 Neque
285 2764 358 2821 salus
373 2780 435 2822 esse
457 2767 583 2837 cuiquam
598 2778 698 2840 potest.
718 2771 771 2830 nisi
785 2773 860 2844 prius
881 2774 932 2831 sihi

138 2855 284 2928 propitium
298 2855 378 2913 laeiat
394 2855 549 2914 Dominum.

470 2967 588 3010 tstuuuus

173 3039 596 3111 Quimaleagerenondesistunt,
606 3059 728 3117 vanaspe
736 3048 928 3120 indulgentiam

137 3128 171 3183 de
194 3128 240 3183 Dei
261 3130 361 3198 pietate
376 3131 525 3200 requirunt,
541 3146 622 3202 quam
637 3143 712 3192 recte
723 3151 886 3208 quererent,
907 3146 930 3200 si

137 3217 171 3271 ab
184 3218 289 3271 actione
300 3232 382 3287 prava
393 3228 539 3275 cessarent.

171 3309 346 3365 dissuendam
366 3311 444 3367 ualde
461 3321 502 3368 est
523 3321 552 3369 ut
565 3330 654 3385 neque
676 3334 725 3389 per
744 3337 819 3393 spem
832 3327 928 3397 reniae,

136 3413 217 3470 quarn
233 3400 366 3469 promittit
382 3401 462 3471 Deus,
485 3417 691 3473 perseueranter
704 3426 859 3482 peccemus;
879 3433 929 3474 ne·

137 3503 191 3558 qne
201 3489 264 3559 quia
272 3489 461 3562 justepeecata
473 3493 616 3565 distringit,
624 3499 729 3556 reniam
738 3501 926 3574 desperemus:

136 3576 195 3644 scd,
207 3586 321 3649 utroque
335 3582 454 3651 periculo
470 3584 581 3652 evitato,
596 3594 650 3643 eta
665 3589 738 3646 malo
751 3592 926 3665 declinemus,

136 3676 163 3725 et
177 3669 211 3724 de
222 3670 323 3739 pietate
335 3671 382 3726 Dei
397 3673 503 3728 reniam
518 3689 666 3745 speremus.

170 3761 263 3816 omnis
281 3763 380 3834 quippe
395 3764 483 3831 iustus
497 3780 546 3836 spe
559 3776 589 3823 et
603 3767 745 3828 formidine
766 3772 847 3842 nitet;
863 3777 926 3846 quia

134 3868 207 3910 rrune
219 3853 294 3908 illurn
306 3854 339 3910 ad
353 3856 481 3923 gaudium
493 3873 556 3928 spes
569 3861 657 3931 erigit,
674 3878 745 3920 nunc
758 3863 791 3919 ad
806 3865 926 3924 tormidi-

134 3957 197 3998 nem
209 3950 297 3999 terror
306 3949 435 4013 gehennae
450 3947 569 4006 adducit.

170 4032 222 4101 Qui
245 4035 316 4090 enim
340 4036 446 4092 reniam
467 4037 501 4093 de
524 4049 636 4110 peccato
661 4041 797 4115 desperat,
814 4050 873 4119 pius
891 4050 926 4106 de

134 4123 325 4194 desperatione
338 4139 420 4196 quam
435 4127 469 4184 de
483 4131 629 4188 commisso
643 4133 747 4191 scelere
761 4152 790 4194 se
804 4139 924 4200 damnat.

168 4213 328 4284 Desperatio
340 4224 420 4287 auget
434 4229 585 4288 peecatum.

168 4305 328 4376 Desperatio
341 4306 417 4376 peior
428 4315 470 4363 est
482 4309 556 4364 ornni
568 4319 691 4381 peccato.

167 4394 920 4477 Corrigeigiturteiprrrm,etiudulgentirehabetospem.

168 4485 245 4542 Nulla
260 4496 314 4542 tam
335 4488 423 4554 gratis
443 4497 485 4543 est
499 4489 588 4567 culpa,
604 4506 665 4562 quae
680 4509 734 4549 non
756 4495 855 4551 habeat
875 4513 923 4554 re·

131 4578 215 4634 niam.

167 4667 245 4725 Nulla
266 4677 294 4724 to
310 4670 440 4729 securitas
462 4672 605 4744 deceptum
625 4688 640 4728 a
658 4675 822 4742 ponitentiae
836 4677 922 4734 inten-

132 4758 207 4815 tione
220 4761 377 4830 suspendat.

167 4850 335 4907 incessanter
358 4853 385 4907 in
408 4853 553 4913 cordetuo
574 4871 636 4928 spes
658 4865 685 4913 et
703 4857 921 4918 lormidoeonsi·

131 4948 216 5009 ιιιιιιι,
230 4941 331 5013 pariter
343 4943 400 4999 sint
415 4944 442 4999 in
458 4953 486 5000 te
501 4946 582 5000 timor
595 4955 676 5016 atque
690 4948 797 5007 fiducia.

401 5054 515 5112 curtii
535 5055 652 5112 xxxiv.

447 5146 487 5201 De
506 5149 601 5218 qratia.

457 5253 592 5295 cnnrsrus.

164 5327 255 5387 (iratis
268 5331 420 5402 accepistis,
433 5330 516 5399 gratis
529 5323 592 5387 date
607 5330 713 5398 (llotth.
729 5333 768 5405 x).

165 5419 259 5479 Gratia
281 5430 309 5477 et
329 5423 429 5477 ueritas
448 5435 498 5492 per
514 5421 605 5478 iesum
628 5420 764 5478 Christum
787 5424 856 5482 laeta
879 5438 920 5486 est

128 5506 221 5582 (deun.
231 5511 262 5580 ι).

474 5597 581 5639 erutus.

168 5639 220 5729 uui
239 5682 328 5732 autern
349 5677 492 5735 abortierit
517 5687 666 5750 peccatum.
690 5682 918 5752 superabundans

994 1563 1104 1620 tributio
1116 1565 1213 1636 duplex
1224 1577 1275 1626 est.

1305 1677 1463 1724 essecutus.

1028 1747 1157 1806 Dominus
1170 1753 1215 1821 qui
1232 1755 1333 1811 talenta
1347 1761 1472 1828 eontulit,
1495 1764 1628 1822 rationem
1643 1769 1780 1838 positurus

992 1839 1079 1895 redit:
1096 1843 1158 1910 quia
1179 1843 1202 1898 is
1221 1846 1268 1914 qui
1283 1861 1354 1904 nunc
1370 1850 1415 1919 pie
1428 1852 1557 1922 spiritalia
1579 1855 1650 1913 dona
1671 1859 1780 1926 tribuit,

990 1929 1112 1988 districte
1126 1933 1153 1987 in
1167 1933 1267 2002 iudicio
1280 1939 1376 1994 merita
1387 1945 1523 2011 exquiret.

1025 2020 1130 2077 Donum
1148 2026 1219 2093 quod
1233 2026 1260 2081 ιιι
1274 2030 1471 2098 tranquillitate
1485 2036 1609 2106 sumitur,
1624 2039 1651 2095 ιιι
1668 2041 1778 2100 inhah-

990 2109 1062 2168 tione
1075 2113 1271 2172 manilestatur.

1022 2195 1091 2256 Sunt
1102 2219 1218 2274 namque
1229 2208 1349 2264 nonnulli
1359 2212 1405 2280 qut
1415 2214 1515 2272 donum
1524 2218 1708 2290 intelligentiae
1716 2239 1777 2296 per·

987 2304 1125 2367 ceperunt,
1140 2298 1186 2353 sed
1200 2299 1258 2354 sola
1273 2314 1332 2370 quae
1346 2306 1436 2362 carnis
1447 2317 1521 2376 sunt,
1533 2311 1652 2383 sapiunt.

1318 2408 1447 2454 ssroonus.

1021 2472 1156 2532 Interdum
1172 2483 1346 2550 peccantibus
1357 2486 1444 2552 nobis,
1458 2503 1506 2545 sua
1517 2492 1587 2548 Deus
1603 2493 1676 2551 dona
1690 2505 1777 2554 retra-

984 2562 1040 2631 hit,
1057 2574 1086 2619 ιιι
1099 2567 1133 2622 ad
1147 2583 1223 2640 spem
1237 2571 1334 2628 divinae
1348 2577 1548 2647 propitiationis
1567 2597 1643 2641 mens
1657 2585 1776 2645 humana

984 2664 1137 2725 consurgat.

1018 2743 1060 2800 to
1083 2745 1130 2801 ilio
1147 2748 1219 2803 enim
1241 2751 1320 2809 nohis
1343 2756 1432 2813 omnia
1452 2760 1532 2829 bona,
1558 2767 1644 2833 gratia
1668 2784 1775 2841 prare-

982 2832 1083 2899 nieme‚
1096 2836 1240 2896 donantur.

983 2959 990 2971 .
1017 2919 1158 2982 Proiectus
1173 2929 1289 2990 hominis
1302 2934 1403 2993 donum
1417 2939 1464 2996 Dei
1478 2953 1528 3010 est,
1543 2960 1593 3003 nee
1607 2963 1622 3003 a
1638 2965 1669 3005 se
1683 2959 1775 3022 potest

980 3012 1133 3086 quiequam,
1154 3021 1201 3075 sed
1215 3036 1231 3076 a
1245 3023 1360 3082 Domino
1381 3032 1489 3101 corrigi.
1514 3033 1571 3091 llon
1596 3040 1667 3094 enim
1692 3043 1772 3112 quid·

982 3119 1063 3174 quam
1077 3106 1140 3164 boni
1153 3110 1235 3167 habet
1246 3118 1384 3188 propritim
1399 3120 1491 3192 homo,
1508 3127 1586 3198 cujus
1598 3129 1642 3185 uia
1656 3147 1713 3189 non
1726 3143 1770 3193 est

981 3210 1049 3266 eJus.

1016 3290 1081 3346 Cum
1095 3294 1208 3364 quisque
1222 3297 1329 3370 aliquod
1343 3302 1444 3360 donum
1459 3306 1507 3364 Dei
1521 3311 1628 3382 accipit,
1642 3327 1699 3370 non
1718 3330 1771 3388 ap·

980 3387 1055 3450 petat
1074 3385 1188 3455 amplius
1201 3401 1282 3455 quam
1297 3392 1369 3460 quod
1384 3396 1492 3465 meruit,
1517 3414 1551 3454 ne
1570 3399 1635 3456 dum
1657 3403 1771 3464 alterius

979 3471 1094 3528 membri
1116 3473 1234 3533 olllcium
1258 3483 1380 3552 arripere
1401 3493 1503 3556 tentat,
1526 3488 1553 3545 id
1573 3492 1645 3561 quod
1670 3498 1771 3553 meruit

978 3560 1081 3631 perdat.

1012 3651 1163 3712 Conturbat
1177 3659 1249 3715 enirn
1265 3665 1387 3733 corporis
1401 3665 1526 3724 ordinem
1541 3677 1636 3738 totum,
1653 3676 1700 3744 qui
1712 3692 1770 3734 noo

977 3755 1027 3797 suu
1041 3753 1186 3804 contentus
1201 3748 1290 3807 allicio
1305 3754 1420 3826 subripit
1433 3757 1563 3816 alienum.

1013 3835 1090 3903 Quod
1110 3840 1181 3895 cuim
1197 3843 1334 3913 sapientes
1354 3862 1457 3915 sumus,
1476 3852 1550 3920 quod
1563 3852 1671 3921 diuites,
1694 3861 1770 3930 quod

978 3935 1101 3994 potentes
1123 3932 1274 4004 existimus,
1298 3952 1352 3992 non
1367 3938 1486 4006 alterius,
1503 3942 1551 3999 sed
1570 3934 1661 4016 potius
1675 3947 1769 4007 divino

975 4033 1199 4078 muneresumus.

1011 4110 1125 4169 Utamur
1142 4129 1207 4186 ergo
1229 4119 1331 4188 optime
1345 4121 1444 4180 divinis
1465 4126 1613 4196 beuelleiis,
1627 4138 1768 4199 quatenus

975 4209 1003 4256 ct
1018 4202 1101 4259 Deum
1115 4221 1170 4261 nou
1188 4209 1318 4277 poeniteat
1335 4211 1453 4283 dedisse,
1475 4225 1504 4272 et
1523 4218 1601 4275 uobis
1623 4223 1766 4293 accepisse

973 4294 1010 4348 sit
1023 4295 1098 4351 utile.

1010 4383 1039 4439 in
1062 4385 1194 4445 divisione
1213 4391 1347 4449 bonorum
1366 4394 1465 4453 diuersi
1487 4400 1638 4472 percipiunt
1654 4400 1766 4460 diversa

975 4474 1023 4532 Dei
1043 4494 1163 4546 munera,
1180 4498 1233 4539 non
1250 4494 1339 4542 tamen
1354 4489 1537 4548 conceduntur
1551 4493 1597 4548 uni
1612 4495 1715 4564 omnia,
1730 4505 1763 4552 ut

973 4568 1008 4623 sit
1021 4585 1070 4640 pro
1085 4571 1206 4628 utilitatis
1225 4575 1323 4643 studio,
1336 4579 1411 4646 quod
1425 4582 1495 4637 alter
1507 4581 1657 4639 admiretur
1671 4585 1700 4641 in
1718 4587 1763 4641 ai·

974 4668 1042 4716 tero.
1069 4664 1133 4718 item
1149 4664 1214 4721 dicit
1233 4685 1241 4722 r
1260 4668 1370 4725 Munera
1383 4672 1528 4741 gratiarum
1550 4673 1604 4731 alia
1626 4676 1684 4743 isti,
1706 4678 1762 4734 alia

972 4765 1037 4807 vero
1049 4751 1183 4812 donantur
1198 4757 1247 4824 illi,
1258 4774 1309 4815 nec
1319 4760 1419 4817 dautur
1429 4763 1466 4819 ita
1475 4764 1576 4822 habere
1588 4767 1646 4835 uni,
1663 4777 1694 4825 ut
1707 4784 1763 4828 uon

971 4853 1048 4915 egeat
1061 4847 1180 4906 alterius.

1005 4935 1118 4994 Aulerre
1138 4939 1209 4996 Deus
1224 4942 1323 4999 dicitur
1344 4946 1448 5004 homini
1467 4949 1568 5007 donum
1583 4953 1657 5022 quod
1678 4954 1764 5012 humo

971 5041 1024 5083 uon
1038 5028 1141 5101 habuit,
1156 5031 1182 5087 id
1195 5041 1247 5103 est,
1261 5035 1332 5104 quod
1346 5038 1469 5109 accipere
1482 5056 1537 5098 nou
1553 5043 1663 5100 meruit.

1296 5144 1429 5186 susurrus.

1004 5209 1080 5267 Sicut
1093 5214 1178 5281 gratia
1195 5218 1277 5284 gratis
1291 5219 1422 5288 accipitur
1435 5234 1451 5276 a
1468 5220 1536 5292 Deo,
1555 5222 1595 5280 ita
1608 5233 1697 5294 gratis
1711 5242 1763 5285 ea·

970 5298 1030 5356 dem
1044 5301 1219 5358 ministretur.

1241 5414 1355 5472 catut*
1374 5418 1482 5476 XXXV.

1264 5504 1305 5561 De
1317 5506 1458 5566 discordia.

1003 5683 1089 5744 Omne
1106 5701 1218 5760 regnum
1232 5615 1461 5750 ιιιιιῗιΐεοτοῖιβιιι
1482 5709 1513 5754 se
1526 5696 1714 5760 desolabitur:
1731 5711 1761 5759 et
