3810 6128
169 345 202 401 83
528 346 684 403 redeunt
704 346 782 402 ned.
803 343 904 400 CLEM.
926 341 1122 399 terrueruut
1142 340 1285 396 orunutt
1305 341 1393 396 PARS
1412 341 1432 395 Ι.
1762 343 1798 396 ttt

463 458 575 516 darer
594 456 674 514 xiii.

255 554 294 606 td
308 551 480 617 i'iuct'dntant,
496 563 601 605 matrem
616 559 629 586 '¹
645 549 746 606 Leontii
756 549 875 618 episcopi.

174 643 347 717 [Fortunatus
363 659 394 698 er
406 645 490 698 insuta
505 656 583 711 guam
598 641 732 696 incolebat
746 639 827 694 mittit
836 636 957 707 egitaniam

207 714 241 768 ad
267 715 431 769 Placidinntn
466 713 638 780 munuscula,
667 726 699 766 nc
723 720 874 775 narratae,
897 721 957 761 cum

208 787 343 848 trutinaret
357 784 471 838 ndi-erse
486 780 580 846 Borea,
595 784 628 836 ad
652 791 751 838 terram
772 779 911 850 rejectum,
925 776 958 830 ad

207 854 368 910 Placidinntn
380 856 468 921 ipsam
483 852 640 927 appulisse]

171 964 279 1020 Munera
302 979 381 1034 parra
399 966 488 1030 nimis,
513 966 566 1034 piu,
579 958 695 1034 suscipe,
711 977 813 1034 quaeso,
830 961 958 1026 libenter,

207 1055 273 1123 Quae
287 1056 372 1126 ntagia
384 1058 441 1126 ipsa
455 1056 556 1112 decens
567 1069 663 1110 munus
674 1055 699 1109 in
715 1053 780 1109 orbe
794 1052 887 1107 micas.

173 1146 310 1203 Fluctibus
324 1163 339 1204 e
351 1146 447 1204 mediis
462 1147 519 1203 itaec
536 1147 548 1184 ¹³
565 1147 683 1203 uideret
697 1145 783 1201 Insuia
798 1144 888 1212 robis,

210 1237 332 1295 Oceanus
347 1252 358 1279 e
371 1238 478 1293 tuntidia
493 1253 629 1294 murmure
643 1244 751 1307 prestat
764 1233 851 1305 aquis.

176 1330 243 1396 Quae
257 1330 315 1385 ioca
329 1330 392 1385 dum
404 1330 473 1384 toiui
489 1342 634 1399 properant
644 1340 791 1398 agnoscere
805 1325 891 1396 ponti,

211 1426 232 1476 Α
249 1421 331 1475 Bttrea
346 1422 458 1476 veniens
473 1420 590 1490 reppulit
600 1420 668 1474 unda
680 1418 783 1474 iurans.

176 1510 345 1576 Prosperitas
358 1523 384 1566 ut
396 1521 484 1566 restra
495 1552 502 1577 ,
515 1508 528 1548 ¹
542 1519 630 1566 tumen
641 1509 756 1579 septena
769 1507 906 1580 probaret,

212 1596 315 1658 uetant
329 1603 356 1656 in
372 1603 452 1658 terris
464 1601 533 1672 quod
552 1608 687 1670 peteretur
697 1599 785 1669 aguis.

454 1709 565 1767 CAPUT
586 1709 677 1765 xiiii

274 1801 313 1858 De
326 1802 435 1858 Bistono
447 1800 597 1876 [tristanno]
607 1801 668 1856 aiiia
682 1798 874 1873 Burdigatemi.

178 1894 304 1966 [dissoni.
316 1894 385 1948 vilice
400 1893 426 1947 in
442 1907 507 1963 agro
518 1890 964 1964 Burdigaiensiaitn,amoenitatem

212 1957 348 2028 tieseribit,
369 1970 397 2018 et
418 1979 470 2018 una
496 1963 607 2018 aediticia
630 1977 689 2033 que
703 1971 835 2017 vetustate
847 1960 965 2033 collapsa

214 2036 342 2088 Lauinius
358 2034 488 2088 reiecerat
510 2043 536 2088 et
550 2041 727 2111 exornaverat
749 2025 965 2098 commemorati

176 2125 227 2180 Est
241 2125 316 2181 iocus
330 2133 354 2191 ⁸,
369 2124 485 2179 restitero
497 2127 619 2194 quamvis
634 2123 671 2178 sit
685 2133 807 2192 tempore
817 2121 915 2185 ferror,

210 2219 270 2286 Quo
284 2218 352 2273 viret
365 2218 472 2273 assidue
485 2216 552 2272 flore
566 2216 681 2272 reiectus
695 2229 771 2287 ager.

176 2308 319 2376 Respirant
329 2308 432 2363 croceis
444 2307 550 2378 depicta
564 2308 701 2363 coloribus
710 2322 787 2374 arra,

213 2399 324 2470 Fragrat
338 2400 479 2455 odoriferis
493 2399 616 2455 blandior
627 2397 709 2456 herba
724 2401 820 2455 cornis.

176 2492 265 2549 toenia
282 2492 422 2546 Bissonum
438 2498 516 2546 vacat
526 2489 596 2546 hunc
608 2488 643 2545 de
657 2489 766 2545 nomine
778 2490 878 2559 prisco,
916 2520 920 2536 ·

212 2583 292 2637 iiiiiiu
307 2590 410 2653 septem
425 2580 489 2636 urbs
502 2580 565 2635 irinc
579 2579 778 2650 Burdigalensis
794 2581 880 2636 abeat.

177 2671 235 2740 Quo
250 2686 390 2741 possessor
403 2684 496 2725 amant
509 2669 632 2739 pretoria
651 2668 661 2707 ¹
677 2677 751 2741 grata
767 2669 876 2736 tttcatit,

217 2763 341 2818 i‘artittns
355 2772 434 2833 atque
447 2763 534 2817 tritius
547 2761 665 2833 porticus
679 2777 755 2832 tenua
765 2762 847 2818 subit.

178 2857 314 2913 Straterat
331 2857 387 2924 ipsa
402 2856 471 2920 soto,
485 2856 562 2910 senio
576 2855 708 2923 rapiente,
725 2864 855 2926 vetustas,

104 3014 109 3021 ⁶
215 2947 372 3004 Perdiderat
386 2947 487 3001 ruitum
499 2946 584 3001 intuta
600 2947 696 3002 decora
706 2961 796 3002 auum.

180 3039 258 3097 liunc
272 3048 296 3104 r,
310 3037 422 3092 tneiinre
433 3038 484 3103 tia,
501 3045 611 3093 revocat
625 3037 700 3093 tenor
713 3037 758 3094 iiie
772 3037 876 3104 Laenati,

192 3170 195 3181 .
214 3131 274 3198 οιο
288 3142 419 3199 presente
432 3130 529 3185 donus
544 3128 558 3168 ¹
573 3130 645 3185 untia
659 3130 736 3186 ruina
751 3131 856 3200 premit.

974 455 1000 516 A
1015 451 1141 508 Reddidit
1154 450 1255 506 interea
1271 451 1360 521 priseo
1375 466 1441 505 nora
1454 450 1550 506 balnea
1562 452 1645 518 cuitu,

1044 541 1104 610 Quo
1120 551 1243 596 recreant
1259 541 1344 595 iesous
1358 541 1454 595 blanda
1471 541 1575 596 iaracra
1591 543 1672 596 tiron

1010 629 1059 686 iiic
1071 631 1199 693 reierunt,
1214 627 1223 667 ¹
1236 632 1352 685 nutrisse
1367 630 1454 700 lupos,
1468 630 1575 686 deserta
1590 639 1715 684 tenentes

1044 721 1136 777 lntuitt
1150 719 1192 776 iric
1209 719 1217 771 i
1237 721 1369 789 hotninee,
1380 721 1483 791 expulit
1496 721 1567 776 unde
1581 720 1593 758 ¹
1608 722 1688 776 ieras.

1299 834 1413 892 catur
1431 834 1502 892 iiix.

1164 925 1202 980 De
1219 924 1366 995 vereginis,
1378 923 1440 978 uitia
1452 922 1645 995 Bardegaiensi.

1012 1015 1163 1090 [vereginis
1177 1016 1263 1079 tiliae,
1280 1015 1343 1068 item
1359 1013 1386 1069 in
1401 1030 1466 1081 agro
1481 1014 1671 1085 Burdogaiettti
1687 1027 1794 1084 postte.

1047 1088 1139 1154 situm,
1155 1085 1377 1155 descriptionem,
1392 1084 1505 1141 aeditua
1525 1101 1540 1140 a
1559 1085 1674 1142 Leontio
1691 1087 1798 1142 instau-

1047 1165 1115 1222 rata,
1127 1153 1266 1227 celebrat]

1013 1246 1085 1303 iuter
1095 1247 1186 1316 opima
1198 1248 1272 1303 ierat
1285 1263 1336 1317 qua
1345 1248 1460 1304 enititur
1473 1248 1543 1303 unda
1554 1247 1708 1312 Guromnm,

1049 1336 1186 1409 vereginis
1200 1339 1265 1408 ripis
1279 1348 1369 1394 vernat
1383 1352 1587 1408 amoenuaager.

1013 1423 1063 1480 ilic
1076 1424 1164 1480 brevia
1174 1438 1302 1480 ascensus
1314 1423 1367 1479 teni
1381 1425 1455 1479 sunit
1468 1439 1566 1496 aggere
1579 1423 1690 1488 clitum,

1049 1515 1141 1587 Carpit
1152 1527 1179 1574 et
1193 1519 1300 1587 obtinna
1312 1520 1383 1574 moie
1399 1516 1409 1557 ¹
1424 1520 1509 1574 tiator
1522 1518 1586 1579 iter,

1014 1607 1101 1664 Altior
1112 1623 1127 1662 a
1137 1608 1224 1676 pianis
1234 1610 1305 1664 arvis
1314 1609 1402 1665 minor
1416 1591 1518 1665 eminet
1527 1611 1604 1676 aitis;

1050 1694 1298 1762 sententiantes
1313 1697 1439 1762 nimium,
1453 1713 1556 1769 necque
1570 1698 1692 1768 superbit
1703 1712 1784 1770 apes,

980 1784 1090 1871 penite
1101 1785 1177 1842 aedat
1190 1786 1278 1843 medio
1291 1786 1388 1843 domus
1402 1787 1531 1843 aedtdcan
1546 1789 1683 1855 decenter,

1050 1872 1133 1944 Cujus
1146 1883 1289 1944 utrumque
1300 1875 1369 1930 iatua
1384 1874 1446 1932 hinc
1459 1876 1548 1945 iacet,
1566 1876 1628 1933 inde
1647 1886 1741 1935 tuntct.

1015 1970 1136 2028 Machina
1149 1972 1221 2026 celsa
1232 1984 1302 2026 caste
1315 1970 1414 2041 tripiici
1426 1970 1598 2041 suspenditur
1609 1984 1685 2042 areu,

1049 2062 1109 2131 Quo
1120 2061 1207 2131 Pelagi
1223 2065 1307 2132 pictas
1317 2075 1429 2118 currere
1439 2060 1529 2119 credis
1546 2074 1639 2132 aqttae.

1017 2151 1111 2209 Exsiiit
1122 2151 1192 2206 unda
1208 2151 1302 2217 latens,
1318 2151 1379 2206 tito
1393 2161 1520 2220 generate
1534 2152 1651 2221 metatio,

1052 2242 1142 2299 iinicis
1156 2253 1182 2298 et
1195 2241 1296 2312 irriguo
1307 2240 1381 2298 tonte
1394 2243 1519 2313 perennia
1533 2257 1620 2313 aquae.

1019 2334 1078 2403 Quo
1092 2348 1173 2403 super
1187 2333 1347 2390 accumbens
1357 2334 1477 2391 celebrat
1493 2335 1617 2391 convivia
1628 2342 1732 2406 partor,

1052 2425 1210 2495 tnctusonne
1225 2425 1295 2493 tacu,
1313 2427 1385 2496 pisce
1398 2433 1413 2463 ¹
1429 2435 1547 2494 natante,
1563 2426 1641 2482 bittit.

1016 2515 1115 2572 Νιιιιιο
1131 2515 1282 2571 renovanda
1297 2501 1460 2586 renit'papae
1474 2516 1598 2573 mercede
1613 2516 1720 2584 Leonti,

1052 2607 1137 2676 Quetn
1148 2608 1289 2664 Dominum
1303 2609 1383 2679 longo
1393 2617 1514 2680 tempore
1528 2609 1600 2667 culta
1614 2611 1687 2681 cupit
1699 2619 1725 2663 ι.

1309 2720 1424 2778 utens
1446 2721 1505 2777 XX.

1160 2811 1199 2868 De
1219 2811 1374 2881 Praemiaco,
1391 2816 1452 2870 oiiio
1466 2813 1662 2887 Burdegaiettti.

1018 2905 1193 2978 [Fortunatus
1207 2905 1233 2959 in
1257 2905 1352 2962 itincre
1375 2905 1566 2971 Premiacum,
1580 2902 1685 2960 Leontii
1702 2901 1807 2963 vittam,

1055 2978 1245 3045 pertransiens,
1272 2976 1392 3046 ejusdem
1417 2978 1499 3030 situtn
1526 2983 1554 3029 et
1576 2974 1805 3044 pntcnritndtnern

1053 3045 1174 3101 celebrat
1187 3045 1316 3112 carmine,
1343 3060 1456 3170 eampue
1469 3060 1484 3099 a
1500 3044 1612 3101 Leontio
1625 3043 1802 3101 aedtdettsau-

1054 3126 1123 3172 ctam
1136 3126 1164 3172 et
1175 3126 1297 3172 ornatam
1309 3116 1391 3172 tuisse
1423 3112 1542 3188 celarat]

178 3222 255 3280 Nunc
269 3237 375 3292 guoque
389 3222 544 3291 prosperius
556 3223 628 3277 reiut
638 3221 697 3278 auia
712 3222 816 3292 sepulta
838 3220 963 3292 resurgit,
1016 3227 1142 3296 Quamvis
1155 3228 1236 3282 instet
1249 3226 1311 3295 iter,
1323 3235 1338 3276 a
1349 3225 1520 3294 retrahatque
1532 3224 1667 3280 volumine
1680 3237 1763 3291 cure,

216 3315 251 3373 lit
265 3316 335 3371 iuuet
348 3315 450 3371 auctori
464 3314 597 3370 ritisscata
612 3329 672 3370 auo.

218 3449 284 3505 'dn
318 3464 359 3504 nae
373 3448 435 3504 oiim
451 3462 517 3503 uror
533 3447 637 3504 Leontii
656 3447 758 3515 iuerat,
774 3448 895 3519 eiusdem
910 3463 967 3503 ma·

179 3531 220 3574 ter
232 3520 283 3575 itoc
299 3464 359 3574 ioci
384 3519 545 3588 appeiiatur,
572 3521 608 3575 ott
629 3518 765 3590 egregiam
788 3520 909 3588 ejusdem
939 3520 967 3573 in

179 3589 321 3647 Leontium
342 3590 499 3644 ctrarttatern
513 3603 545 3644 ae
561 3597 730 3658 prestantem
746 3586 901 3644 uirtutcmt‘
913 3589 966 3653 tttt,

179 3661 251 3731 tpuod
266 3660 447 3726 verisimilius,
459 3674 506 3727 pro
516 3661 619 3714 sororis
631 3658 849 3722 ttotnine,ntatrie
869 3673 966 3713 nomen

1052 3319 1092 3376 Ad
1103 3327 1129 3375 te
1143 3333 1227 3390 pauca
1236 3318 1449 3376 terenscarmina
1467 3327 1491 3387 ¹,
1504 3316 1583 3375 necto
1595 3318 1676 3372 riam.

1013 3508 1017 3513 ,
1053 3450 1062 3502 i
1083 3451 1132 3506 Ed.
1148 3450 1391 3518 Ven.intatitittte,·
1409 3449 1581 3508 iaedeestin
1592 3462 1646 3506 uno
1657 3446 1723 3505 Cod.
1739 3446 1805 3505 Vat.

1052 3520 1064 3559 ¹
1081 3521 1149 3577 Edit.
1160 3521 1257 3588 Paris,
1268 3523 1338 3577 inde.

1055 3590 1065 3631 ¹
1082 3594 1129 3645 tle.
1152 3592 1230 3658 tien,
1250 3592 1327 3647 matie
1345 3592 1438 3648 uiator.
1462 3589 1534 3648 Edit.
1556 3589 1655 3658 Paris,
1669 3589 1753 3660 carpit
1776 3596 1801 3642 et

1017 3661 1147 3732 attiguum
1159 3662 1234 3718 cotie.

179 3729 303 3800 irrepsit!
315 3730 394 3785 Certe
403 3732 493 3785 Brow.
506 3740 584 3799 negat
594 3730 620 3784 in
632 3729 681 3784 iit.
691 3717 863 3798 tinctitiaiii,
877 3730 968 3784 motrt't
1052 3741 1073 3770 ¹¹
1090 3732 1161 3788 Unus
1174 3731 1242 3787 Cod.
1255 3731 1327 3798 Vnt,
1339 3747 1385 3786 nee
1400 3731 1516 3786 ituntiiis.

180 3816 278 3858 nomen
296 3803 416 3869 reperiri.
430 3800 492 3857 item
504 3801 579 3856 deest
591 3800 617 3854 in
629 3799 713 3855 codd.
727 3798 787 3856 iat.

215 3869 229 3983 ἶ
244 3868 401 3997 gppusvgpd
415 3870 486 3939 Van,
502 3881 528 3924 ut
543 3871 597 3926 itaec
607 3869 688 3925 daret.

240 4033 352 4084 Oceanus
363 4034 465 4083 tumidas
475 4043 599 4082 murmure
612 4032 705 4095 prebet
715 4043 803 4095 muts.

216 4117 248 4171 Et
260 4116 313 4171 dno
328 4116 411 4170 Cndd.
423 4116 480 4171 iat.
492 4117 604 4170 tumidae
612 4124 714 4186 praestat
727 4133 816 4186 agaae.
831 4114 880 4171 ud.
889 4116 965 4173 Par:

209 4209 323 4260 Oceanus
328 4206 491 4269 tumidumid.
502 4209 617 4271 tumidus]
627 4221 749 4259 murmure
758 4211 846 4273 pressit
853 4221 936 4273 aquas.

178 4293 212 4350 Et
226 4293 251 4346 in
266 4291 393 4362 margine,
409 4292 532 4347 tumidas.

215 4362 315 4427 ¹iiide,
331 4377 391 4429 tpttte
406 4361 461 4415 duri
476 4363 501 4414 iu
520 4361 675 4430 titatium,
691 4377 765 4417 num.
780 4362 824 4418 79.

216 4443 228 4472 ⁸
242 4431 368 4487 Sidnnun
389 4431 568 4495 Apollinaris,
588 4445 671 4485 eorm.
687 4429 739 4495 Ὦ,
758 4430 848 4485 tiliam
862 4432 965 4489 deteri·

179 4503 219 4559 bit
232 4503 316 4556 Pontii
330 4501 447 4562 Leontii.
465 4501 577 4566 Burgum
593 4499 962 4564 nominesnamattcnum-
977 4519 1004 4579 ῃ

179 4588 241 4628 nam
255 4573 280 4625 in
294 4570 477 4639 ripaiiuranii.
490 4586 537 4639 seu
549 4569 708 4624 Dorononie.
725 4587 731 4622 :
748 4586 807 4638 guae
819 4586 884 4628 sane
896 4575 960 4629 uitia

178 4642 232 4698 situ
247 4655 306 4705 suo,
319 4656 350 4695 ae
360 4640 551 4709 descriptione,
566 4651 619 4693 tunt
632 4640 803 4694 aedificiorum
816 4642 958 4711 elegantia,

178 4726 211 4768 ac
223 4711 379 4766 natneorun
394 4711 601 4779 opportunitate,
617 4724 669 4763 una
692 4725 726 4765 et
754 4711 794 4765 itis
808 4727 868 4766 esse
883 4715 959 4767 vide-

178 4795 232 4844 tnr,
245 4796 312 4850 nunt
333 4781 493 4835 Fnrtunutus
507 4778 699 4847 hocearntine,
729 4781 779 4847 te,
804 4790 831 4836 et
857 4782 960 4839 duobus

176 4853 369 4922 renuentibus,
385 4856 476 4916 retert,
492 4851 612 4919 tpuetnttis
634 4853 684 4906 sutt
708 4850 815 4907 diverso
840 4855 958 4910 numine.

176 4923 248 5032 Lege
262 4924 391 4992 integrunt
407 4923 472 4976 iilud
487 4936 603 4975 tarnten.

258 4994 385 5048 Praetorio
409 4993 608 5062 appetisttatttur
636 4992 708 5047 miles
742 5002 904 5060 sumptuose
931 5010 963 5049 ac

179 5067 329 5137 magniiicae
343 5065 370 5122 itt
390 5078 404 5117 a
424 5064 460 5118 ris
478 5071 640 5127 exstructm;
668 5064 736 5118 iorte
764 5065 833 5132 gued
859 5065 961 5133 publica

177 5137 301 5202 edincta,
312 5150 359 5192 seu
375 5081 482 5202 pitiana,
493 5133 564 5187 ntoie
575 5148 620 5187 suu
633 5142 661 5188 et
672 5142 804 5187 structura
815 5147 961 5203 exequere

177 5208 343 5262 riderentur.
359 5205 484 5270 Sueten,
500 5206 526 5256 in
540 5201 597 5258 Vita
612 5200 748 5272 Cniignim,
762 5216 821 5269 cap.
837 5201 882 5266 37,
904 5207 962 5260 inec

177 5276 257 5332 habet
269 5294 276 5332 :
287 5275 318 5330 itt
328 5275 538 5332 exstructionibus
547 5274 736 5345 preterieram,
746 5285 820 5345 atqtte
831 5274 961 5341 oiiiarant,

178 5349 246 5400 cnuti
261 5347 404 5415 posthabita
417 5347 526 5407 ratione,
550 5344 614 5397 nt'itii
627 5351 680 5397 tam
691 5344 784 5412 efficere
799 5345 961 5413 concupisce·

177 5419 228 5482 tat,
241 5434 316 5482 quoto
330 5416 399 5487 qnod
414 5415 475 5486 epici
487 5431 560 5486 porse
574 5421 715 5484 negaretur.

214 5497 226 5535 ι
244 5488 299 5541 [iuo
314 5487 398 5541 dudd.
421 5486 477 5539 iat.
495 5494 522 5539 ct
541 5484 611 5540 Edit.
630 5480 894 5551 Vcn.,ittecrneiiote.

211 5556 227 5595 ¹
240 5557 309 5611 eutr.
322 5557 420 5621 Paris..
435 5556 533 5609 domoc.

1052 3811 1067 3840 '¹
1080 3803 1206 3860 Sotemne
1219 3805 1301 3857 inisse
1314 3801 1460 3868 veteribus,
1473 3815 1501 3858 ut
1517 3814 1599 3869 prope
1620 3797 1732 3854 domina
1750 3798 1801 3852 do·

1017 3887 1077 3928 mos
1100 3875 1126 3927 in
1142 3875 1213 3942 agris
1228 3880 1410 3936 exstruerent,
1425 3875 1535 3927 undeet
1550 3871 1619 3925 ruris
1634 3869 1802 3931 amoenitate,

1017 3957 1193 4014 agrorumque
1205 3945 1283 4014 iongn
1299 3951 1451 4012 prospectu,
1466 3953 1494 3998 et
1508 3954 1560 3996 una
1571 3940 1717 4011 piscatione
1728 3939 1803 3992 irun-

1017 4020 1119 4076 rentur,
1135 4019 1163 4067 ut
1176 4014 1226 4068 etia
1240 4013 1361 4068 omittam
1386 4012 1519 4083 exempla,
1544 4025 1578 4066 cr
1600 4009 1712 4066 Sidonio
1726 4007 1801 4063 intei-

1017 4083 1061 4153 iigi
1077 4095 1176 4152 potest,
1187 4085 1243 4154 qui,
1257 4098 1340 4137 cartu.
1354 4080 1401 4148 ii,
1414 4082 1504 4137 tiilatn
1516 4083 1632 4152 Burgum
1645 4078 1801 4134 describens

1018 4156 1087 4210 inter
1100 4166 1196 4209 caetero
1209 4155 1266 4209 inec
1278 4153 1357 4208 nabet
1370 4170 1376 4206 :

1080 4242 1200 4292 Flecteris
1210 4243 1240 4292 ad
1250 4241 1351 4292 terami
1364 4241 1402 4293 ua
1413 4243 1521 4304 porticus
1532 4241 1624 4294 accinit
1635 4236 1724 4302 anapia,

1079 4304 1185 4354 Directia
1195 4312 1291 4354 curtata
1303 4306 1358 4364 tiis,
1372 4305 1414 4353 ubi
1427 4304 1538 4365 margine
1547 4314 1642 4352 summo

1080 4367 1184 4422 Pendet,
1195 4376 1220 4414 et
1231 4367 1329 4416 arctatis
1337 4374 1385 4415 stat
1396 4377 1471 4413 earet
1481 4364 1540 4413 sitta
1552 4361 1680 4413 columnis.

1078 4428 1132 4475 dita
1144 4426 1289 4476 notabilibus
1299 4433 1367 4486 patet
1376 4427 1434 4476 hinc
1442 4426 1548 4475 coenatio
1559 4425 1646 4484 ιιΙιΙι,

1079 4487 1168 4537 Fusiiis
1181 4488 1286 4549 Euripus
1302 4499 1411 4550 propter,
1425 4488 1680 4547 caditundasuperne

1078 4552 1143 4599 Ante
1151 4549 1216 4598 iores
1226 4550 1352 4609 pendente
1366 4551 1430 4608 tacu,
1441 4559 1579 4609 venamque
1590 4545 1680 4604 terutt,

1079 4611 1175 4661 Undosa
1187 4612 1314 4660 inueniunt
1325 4621 1413 4661 nautes
1422 4607 1547 4661 coeutcuta
1559 4611 1646 4669 piacet.

1015 4695 1081 4749 item
1095 4694 1268 4758 Fortunatus,
1281 4707 1306 4747 c.
1321 4692 1337 4746 9
1353 4691 1373 4747 Ι.
1386 4708 1414 4762 x,
1429 4691 1519 4747 viliam
1529 4689 1684 4751 describens
1696 4688 1805 4745 Citilde·

1016 4763 1084 4821 berti
1108 4765 1186 4832 regis,
1200 4764 1245 4817 iiiii
1268 4761 1404 4833 sigiberti,
1428 4759 1486 4816 haec
1509 4762 1590 4816 retert
1603 4760 1674 4815 inter
1687 4769 1804 4818 caetera:

1078 4853 1193 4915 Denique
1204 4853 1261 4902 dum
1290 4859 1382 4903 retunt
1394 4864 1469 4916 reges
1481 4852 1505 4901 in
1515 4850 1616 4900 sedibus
1625 4849 1700 4912 anie,

1107 4918 1143 4963 ac
1155 4926 1273 4965 meoseo
1297 4917 1338 4966 cto
1350 4915 1449 4977 prandia
1460 4912 1522 4963 testa
1531 4913 1623 4962 colunt.

1077 4975 1180 5026 Retious
1189 4977 1314 5039 inspicitur
1321 4989 1370 5039 quo
1382 4976 1458 5024 saimo
1468 4974 1533 5024 iesca
1544 4974 1648 5023 teratur.

1107 5037 1138 5088 Et
1147 5045 1259 5088 numerat
1271 5041 1360 5100 pisces,
1373 5050 1427 5086 cura
1437 5038 1469 5085 eit
1480 5038 1505 5084 in
1515 5035 1681 5084 arcesedeua.

1077 5096 1219 5159 Resistet,
1231 5101 1348 5149 immensa
1361 5097 1442 5149 resilit
1459 5097 1517 5146 dunt
1529 5097 1601 5158 piscis
1609 5096 1641 5144 ab
1652 5094 1726 5155 unda,

1106 5162 1187 5223 atque
1196 5162 1288 5210 animos
1297 5161 1385 5222 reiicit,
1394 5159 1459 5222 quod
1470 5156 1604 5220 stuprata
1615 5157 1693 5208 teuit.

1051 5255 1063 5279 ⁰
1080 5244 1158 5310 tntu,
1173 5258 1241 5297 nanc
1254 5244 1415 5300 remerenda.

1051 5324 1066 5366 r
1081 5314 1152 5367 Edit.
1170 5314 1274 5368 Parin:

1076 5407 1151 5464 Quam
1162 5405 1375 5457 Dominuscttitam
1393 5403 1586 5468 temporaiongt
1596 5407 1676 5465 cuptt.

1050 5495 1065 5536 a
1085 5487 1224 5542 Brotterne
1241 5487 1363 5543 ediderat
1377 5490 1464 5557 primo
1478 5504 1486 5540 r
1501 5486 1664 5555 retrahatque
1679 5484 1808 5538 notamine

1015 5572 1110 5619 curat:
1138 5565 1228 5626 postea
1252 5559 1335 5614 edidit
1358 5558 1545 5625 :retrodarpue
1568 5557 1697 5610 notamine
1718 5571 1805 5618 rere,

217 5625 224 5665 ¹
242 5628 270 5681 ln
286 5641 339 5680 uno
354 5625 420 5681 Cod.
443 5626 502 5679 Vnt.
526 5624 649 5680 mutilum
674 5623 807 5695 reperitur
831 5621 882 5679 huc
901 5630 961 5679 car-
1015 5637 1100 5682 ntram
1120 5628 1195 5695 senui
1216 5632 1311 5694 maris,
1327 5642 1421 5685 sensus
1442 5629 1545 5698 integer
1564 5634 1615 5682 eat.
1638 5625 1698 5683 ιιι.
1718 5624 1804 5680 codd.

178 5713 262 5762 nten,
290 5696 367 5754 sicuti
399 5706 426 5752 et
453 5695 507 5762 stt,
536 5709 567 5749 ac
591 5695 664 5750 deest
691 5695 822 5763 integrum
847 5708 962 5769 sequens
1013 5694 1341 5765 iatetrtprimaeieetinni.

179 5784 281 5838 poctua.

1052 5777 1062 5805 ¹
1081 5767 1153 5824 une
1162 5766 1228 5824 ssed.
1241 5768 1298 5825 vn.
1308 5780 1332 5826 et
1346 5769 1412 5826 Ven.
1423 5768 1485 5826 Edit
1499 5765 1629 5838 ‚remitte
1637 5768 1713 5840 pireto
1723 5764 1801 5822 einen.
