3810 6128
143 216 207 284 “till
231 226 234 233 '
500 221 661 279 teuuuttt
680 222 757 280 uolt.
779 222 881 279 etl-:u
902 221 1098 279 routottttt
1118 223 1258 282 otendit
1277 224 1377 283 PARS.
1397 172 1432 281 l..
1727 234 1777 293 tssd

154 337 272 394 Nubibus
286 337 406 392 insectus
417 347 477 389 cam
492 336 596 389 uenerit
609 333 711 390 arbiter
724 333 809 400 orbis,
954 333 1034 397 ΑΤο
1048 312 1153 404 ottoque
1168 349 1219 392 nce
1230 335 1354 407 lacrymis
1368 352 1430 392 uras
1444 338 1485 408 pia
1502 338 1566 393 lacta
1580 339 1677 412 jugalis

188 431 223 484 Et
239 430 300 486 tuba
314 427 439 483 terribilis
452 424 565 482 moverit
577 427 592 457 ⁸
605 438 680 480 arma
694 424 771 494 polis.
1027 425 1075 481 Coi
1089 425 1169 481 modo
1179 427 1324 482 creduntur
1339 424 1407 482 bicl
1425 429 1535 484 meliora
1548 429 1618 486 dari.

154 521 201 586 llis
215 521 288 577 venit
303 519 385 585 Elias,
401 515 454 573 illis
467 515 493 570 in
509 514 632 571 curribus
646 513 750 580 duoclr,
992 517 1057 574 llam
1072 519 1095 574 si
1105 517 1228 587 deplores
1242 519 1344 574 meritis
1358 533 1418 589 quaa
1432 521 1495 575 rivit
1507 523 1615 592 opimis,

188 610 353 668 Antoniando
367 620 446 674 suos,
462 605 525 661 ltine
538 605 651 672 Petrus;
667 605 728 660 ltine
742 603 905 676 Stephanus.
1025 607 1154 678 Coniugis
1165 607 1222 678 ipse
1234 607 1312 664 bonis
1325 609 1472 665 invidiosus
1486 613 1551 668 eris.

40 722 45 738 ³
154 702 234 759 flore
248 700 394 773 puellarum
409 711 487 753 rosea
501 697 618 766 stipante
631 710 742 762 coroua,
992 700 1142 757 Praesertim
1153 715 1234 771 qoam
1246 715 1337 768 seusu,
1354 700 1513 771 auimo,tibi
1529 718 1643 774 corpore
1655 705 1778 777 Jurrmam

189 793 260 849 luter
274 789 406 860 virgineos
419 787 502 857 prima
514 784 594 841 llaria
608 785 716 842 ctroros.
1574 792 1688 865 [juncia
1704 795 1741 868 t‚]

149 882 220 942 ilinc
241 880 343 940 llartba
357 879 383 948 l,
406 878 468 938 binc
490 892 588 950 sponsa
611 880 718 949 apum,
738 876 817 934 Tecta
840 877 939 948 dulcis,
1025 879 1093 937 cum
1105 879 1214 937 cbristo
1226 893 1334 950 semper
1345 880 1426 936 corde
1442 881 1524 938 tuisse
1537 882 1635 939 relers.

125 963 128 970 '
752 965 866 1040 [dpatlra
878 971 904 1038 ⁸,
991 965 1054 1022 Post
1069 967 1173 1022 llomiui
1185 965 1288 1031 soltus,
1299 965 1333 1021 ad
1347 975 1373 1022 te
1386 967 1410 1022 si
1420 966 1496 1037 tussa
1510 968 1621 1038 rediret,

180 1062 220 1119 lit
233 1061 398 1133 quaecuuque
410 1058 467 1115 llco
477 1057 631 1128 virginitate
645 1057 742 1124 placet.
1024 1057 1114 1113 fleret
1138 1058 1166 1113 iu
1181 1057 1252 1112 lruue
1278 1056 1406 1112 muudum
1429 1071 1459 1114 se
1474 1059 1634 1114 revocasse!
1653 1060 1775 1132 gradem.

152 1153 226 1208 Tunc
241 1153 276 1207 iffi
289 1151 349 1221 quis
362 1160 458 1214 ῑθΐῑθῐ,
472 1147 533 1204 will
549 1147 691 1203 ²⁵⁸i⁸¹0¹¹20
702 1156 797 1203 senatu
989 1152 1102 1209 Clrarius
1116 1152 1160 1208 illa
1175 1152 1246 1207 diem
1261 1152 1368 1218 retinet,
1384 1166 1465 1222 quem
1479 1152 1590 1223 perdere
1601 1157 1697 1220 nescit,

185 1242 252 1311 Quid
268 1244 378 1298 dictura}
391 1240 488 1296 animae
499 1238 599 1308 iudicia
611 1235 638 1293 in
655 1238 740 1295 laciel
1024 1244 1108 1312 Quam
1124 1244 1204 1309 bunc,
1220 1257 1300 1314 quem
1314 1242 1410 1308 timuit,
1427 1242 1480 1299 llue
1493 1256 1622 1314 sequente
1634 1246 1697 1302 sibi.

148 1334 208 1388 lior
218 1342 264 1388 aut
278 1347 356 1404 prena
371 1338 460 1386 manet
471 1330 595 1396 miseros,
608 1339 655 1387 aut
668 1330 754 1401 palma
770 1329 872 1387 matos.
989 1333 1027 1391 Ne
1039 1333 1232 1404 piaculumst
1250 1348 1324 1405 agas,
1335 1333 1438 1390 cunctis
1454 1341 1546 1390 natura
1559 1336 1629 1404 quod
1644 1337 1733 1405 ollert,

183 1425 303 1496 Quisque
316 1439 371 1480 suae
385 1424 446 1478 rite
458 1421 561 1477 semina
573 1422 644 1492 lacta
656 1423 741 1479 metit.
1022 1424 1098 1493 Quod
1110 1439 1172 1482 eum
1185 1423 1350 1496 principibus
1364 1425 1538 1496 participatur
1552 1425 1638 1496 iuops.

148 1516 215 1571 Suirt
229 1514 325 1570 dicturi
344 1513 388 1568 alii
401 1531 408 1566 ι
422 1509 503 1577 Gade,
519 1525 609 1582 mous,
623 1522 650 1569 et
663 1515 810 1585 comprime
822 1528 936 1588 corpora
987 1513 1093 1571 llullum
1107 1512 1261 1586 paupertas,
1278 1529 1332 1571 nou
1345 1515 1425 1585 cripit
1438 1516 1525 1584 ampla
1538 1515 1660 1584 facultas,

181 1606 232 1662 Scd
243 1605 310 1676 iussi
322 1605 404 1661 colles
418 1605 488 1660 terre
499 1603 620 1674 sepulcra
632 1612 740 1674 negant.
1022 1605 1079 1662 lloc
1089 1619 1232 1662 commune
1245 1605 1325 1662 simul
1339 1604 1424 1672 diros,
1439 1619 1537 1676 egenus
1552 1606 1642 1663 lrabet.

147 1697 280 1767 tingentur
295 1696 396 1751 minimi
408 1694 583 1766 quadrantem
594 1693 701 1753 soluere
711 1698 827 1767 nummi,
953 1683 977 1745 B
990 1693 1055 1752 llam
1068 1709 1136 1765 puer
1148 1705 1328 1766 atquesenex,
1339 1696 1426 1768 niger,
1435 1695 1521 1764 albus,
1533 1699 1627 1768 torpls,
1635 1698 1774 1770 bonactus,

181 1787 264 1844 Nemo
278 1785 373 1859 pedem
388 1792 508 1842 removet
521 1798 575 1856 quo
585 1798 634 1840 soa
643 1785 721 1856 culpa
734 1788 831 1858 trabit,
1025 1785 1135 1852 Debilis,
1149 1794 1177 1842 et
1190 1785 1277 1852 tortis,
1291 1783 1374 1854 mitis,
1389 1793 1417 1841 et
1428 1799 1507 1856 asper
1521 1787 1587 1842 obit.

142 1879 201 1949 'Spe
215 1877 303 1946 uacui,
317 1878 401 1948 paleas
415 1875 517 1933 similes
530 1876 669 1932 mittentur
683 1877 710 1934 iu
723 1877 809 1950 ignes,
991 1874 1000 1916 ¹
1016 1875 1074 1934 lluc
1102 1875 1210 1948 sapiens
1262 1876 1394 1944 stolidus,
1433 1878 1600 1949 probos,.....
1637 1879 1776 1950 iurprnbus

184 1970 328 2028 Pascendis
340 1968 455 2026 dammis
469 1965 605 2025 tolcam
617 1977 710 2026 aosua
723 1970 814 2029 cibas.
1626 1966 1738 2040 lamisio,

147 2061 244 2118 lirum
255 2061 289 2117 ad
304 2075 409 2132 pmuau
424 2071 527 2119 aterno
541 2062 655 2118 ardente
666 2063 784 2131 mmiuu,
1022 2056 1140 2123 Plenior,
1154 2055 1276 2128 exiguus,
1288 2067 1395 2125 murus,
1410 2063 1438 2112 et
1452 2054 1523 2111 altos
1534 2055 1602 2112 adit.

175 2152 219 2209 llt
231 2152 332 2209 cruciet
344 2153 462 2223 erarius,
478 2165 551 2208 mora
562 2152 632 2208 mala
642 2167 695 2209 uon
708 2155 834 2216 malcus,
986 2146 1100 2204 Tardius
1111 2155 1158 2204 aut
1172 2146 1252 2204 citius
1265 2145 1348 2201 currit
1361 2159 1420 2202 sors
1433 2146 1484 2202 ista
1498 2161 1547 2217 per
1559 2161 1664 2215 ornares,

150 2242 188 2300 Ne
203 2241 267 2299 lessi
281 2252 404 2299 recreent
416 2243 520 2300 animas
531 2242 612 2313 luupo
624 2242 686 2313 igue
697 2253 843 2315 crematas,
975 2290 982 2308 .
1022 2236 1148 2294 Distimssi
1163 2237 1270 2305 merito,
1284 2250 1357 2292 mort
1370 2235 1450 2292 trabit
1465 2250 1515 2292 utta
1531 2237 1613 2292 tirus.

178 2330 308 2403 'Porrigat
322 2339 334 2368 ·
349 2331 412 2398 lucu,
426 2331 512 2387 nullas
526 2331 675 2404 flammiger
687 2333 777 2392 amuis
786 2349 882 2407 aquas.
986 2327 1045 2387 llou
1059 2329 1137 2387 decet
1150 2317 1216 2400 ergo
1230 2342 1328 2399 graves
1342 2340 1390 2398 pro
1403 2327 1518 2399 conjuge
1528 2328 1642 2386 tondere
1656 2332 1745 2395 lictus,

138 2421 225 2478 Parte
234 2421 301 2488 alia,
315 2421 417 2476 meritis
431 2420 554 2477 laticibus
567 2428 625 2477 aeta
641 2420 789 2482 ‘tenentes
1020 2421 1058 2477 lie
1071 2420 1148 2490 cuius
1163 2418 1267 2475 meritis
1281 2427 1307 2476 te
1319 2418 1442 2475 dubitare
1456 2433 1547 2490 ungris.

183 2510 332 2582 Fulgcbum
343 2510 420 2581 iusti,
435 2510 477 2566 sol
491 2510 566 2567 uelut
577 2524 642 2568 arce
654 2511 720 2582 poli.
986 2508 1090 2567 Felices
1104 2509 1215 2566 nimium
1230 2509 1274 2565 bic
1286 2509 1332 2581 qui
1345 2510 1404 2566 siue
1416 2509 1531 2567 crimine
1544 2515 1673 2583 presunt,

140 2602 222 2674 lligul
236 2603 326 2658 lumen
341 2602 452 2671 babent,
465 2601 584 2658 damuati
597 2602 721 2660 incendia
734 2603 845 2673 debent,
1020 2598 1071 2668 Qui
1086 2600 1183 2658 melius
1197 2598 1304 2656 discunt
1318 2598 1409 2656 risere
1421 2609 1483 2671 post
1495 2600 1610 2658 obitum.

182 2692 243 2748 lllos
257 2691 383 2760 splendor
396 2692 455 2761 alit,
470 2692 520 2749 ltos
533 2707 617 2764 uapor
627 2694 688 2765 igue
702 2697 806 2768 coquit.
1254 2711 1367 2770 cttPllT
1385 2711 1491 2770 xxltl.

137 2785 200 2840 *lies
214 2794 256 2841 cst
271 2798 324 2840 una
338 2783 459 2854 quidem,
473 2784 572 2856 duplici
585 2785 633 2843 sed
647 2786 758 2844 inditur
770 2796 846 2858 acta,
1207 2800 1374 2874 Epitaphium
1393 2801 1554 2874 Eupbrurrae.

180 2875 245 2930 Nam
261 2885 362 2931 cremet
377 2874 509 2946 inditum,
524 2888 579 2944 <llio
593 2875 687 2944 probat
702 2876 764 2948 38⁰0
778 2877 849 2950 pioe.
985 2890 1185 2963 ,Euphrasiam
1207 2892 1399 2946 nobilissimam
1421 2894 1555 2959 laminam,
1573 2895 1649 2950 uouis
1667 2897 1773 2954 actibus

146 2966 259 3024 AEterua
275 2964 378 3020 radiant
392 2963 509 3034 paradisi
517 2965 548 3021 ‚iu
559 2965 618 3023 luce
628 2964 711 3031 beati,
1019 2963 1203 3029 cumulatam,
1230 2971 1258 3016 et
1279 2962 1408 3018 illustrem
1442 2964 1602 3033 uirtutibus,
1631 2968 1770 3022 mortalem

181 3057 248 3113 enm
264 3054 332 3112 saepe
344 3054 443 3110 emises
458 3069 541 3125 regna
557 3054 672 3111 mendo
683 3056 737 3113 wi,
947 3028 971 3096 G
1021 3033 1090 3086 bauc
1102 3031 1185 3112 ritaru
1203 3046 1264 3086 cum
1286 3032 1485 3113 immortalitate
1507 3047 1686 3115 commutasse
1709 3052 1772 3107 pra·

138 3153 235 3211 diretta
250 3159 347 3222 quanta
362 3158 462 3216 manet,
477 3151 565 3206 ruttus
578 3150 625 3222 qui
637 3149 773 3222 aspexerit
786 3149 862 3208 illoal
1020 3101 1771 3243 ffffij’ssu‘gfflssufgfflg'assossflilfflefflffi

181 3242 300 3311 Quantus
316 3243 401 3298 bouor
414 3243 563 3313 bominum,
583 3256 661 3314 posse
676 3243 768 3300 ridere
782 3242 881 3301 Deum!
1020 3239 1149 3313 mendae]

142 3333 174 3392 Si
189 3335 267 3390 nimis
279 3334 393 3405 erigitur
403 3334 524 3406 tragilem
534 3336 579 3404 qul
589 3333 676 3391 cernit
690 3333 818 3402 amicum,
984 3327 1014 3387 Si
1025 3338 1044 3368 ω
1054 3331 1161 3400 pietatis
1171 3345 1238 3402 opus
1255 3346 1387 3402 uunquam
1403 3332 1532 3389 morietur
1545 3334 1569 3389 iu
1579 3348 1636 3390 aru
1649 3335 1771 3408 [aevuntl.

179 3425 301 3493 Qualiter
316 3425 432 3482 exsultet
445 3426 490 3496 qui
503 3425 575 3482 ridet
589 3437 637 3481 ora
651 3424 715 3480 lleil
1025 3421 1097 3477 lliris
1108 3435 1156 3492 pro
1170 3422 1279 3489 merito,
1292 3422 1390 3479 lemiua
1406 3434 1510 3493 sancta,
1527 3435 1582 3481 tuo.
1644 3445 1649 3453 ·

145 3513 225 3576 Lilia,
239 3515 384 3583 narcissus,
397 3515 485 3582 riolas,
505 3528 577 3582 rosa,
590 3515 698 3579 nardus,
709 3500 844 3572 amomum
861 3525 886 3571 t.
984 3510 1083 3584 inclyta
1096 3512 1202 3569 sidereo
1215 3514 1336 3583 radians,
1348 3513 1505 3585 Euphrasia,
1519 3532 1611 3587 ragno,

181 3605 326 3678 Quidquid,
339 3607 478 3664 odorifero
489 3605 619 3677 germine,
637 3604 720 3661 mittit
735 3607 832 3664 Arabs.
1018 3600 1151 3658 Neemilti
1167 3601 1256 3660 flenda
1267 3617 1360 3659 manus
1376 3613 1401 3672 ¹¹,
1416 3619 1478 3661 curu
1492 3606 1538 3663 tibi
1552 3607 1612 3662 lata
1630 3609 1729 3678 placas,

143 3696 246 3754 iudicis
261 3701 288 3754 ln
301 3697 375 3754 rultu
389 3695 513 3754 llorentia
527 3697 626 3752 lumina
642 3704 766 3765 seruant,
983 3693 1073 3753 Terra
1086 3702 1099 3732 ⁰
1114 3702 1183 3751 terra
1195 3694 1282 3764 dedit,
1296 3699 1342 3752 sed
1356 3698 1466 3767 spiritus
1478 3701 1548 3754 'astra
1560 3701 1672 3771 recepit,

180 3789 232 3845 Sed
247 3803 327 3860 super
340 3788 407 3856 bac,
419 3787 526 3845 llomini
537 3788 644 3844 suavior
656 3787 730 3844 elllat
741 3787 819 3844 udor.
1018 3784 1083 3842 Pars
1094 3786 1166 3857 jacet
1177 3786 1234 3842 trac
1248 3786 1359 3856 tomulo,
1374 3802 1438 3857 pars
1452 3798 1524 3844 tenet
1538 3790 1581 3845 illa
1595 3793 1695 3860 pulum.

147 3878 213 3935 itam
227 3889 354 3952 errantum
366 3881 492 3937 obicem
506 3880 601 3936 melior
612 3881 657 3936 lux
670 3894 751 3936 aurea
764 3879 884 3950 plumbo,
981 3874 1099 3947 Corpore
1111 3875 1244 3946 deposito,
1258 3876 1353 3932 leriori
1368 3890 1442 3933 vecta
1457 3879 1557 3947 rotatu,

182 3973 296 4030 'lautum
312 3972 388 4030 tbora
402 3973 468 4040 lieo,
483 3971 555 4029 cedit
568 3981 595 4028 et
604 3970 694 4028 omnis
707 3971 784 4029 odor.
1017 3966 1078 4025 stas
1093 3967 1188 4025 melior
1200 3969 1280 4038 cmlo,
1295 3985 1372 4040 quam
1388 3971 1461 4040 prius
1474 3984 1547 4028 esses
1560 3973 1652 4028 bomo.

147 4066 278 4135 Quantum
294 4075 374 4123 nocte
383 4067 442 4123 dies
455 4065 548 4131 distat,
560 4066 601 4122 sol
615 4064 737 4136 lampade
747 4066 828 4131 luuae,
981 4059 1077 4117 Carnis
1086 4060 1177 4132 iniqua
1189 4063 1311 4131 domans,
1327 4062 1396 4118 dcto
1407 4062 1462 4129 tibi,
1475 4073 1577 4130 sacrat
1591 4065 1770 4138 triumphans,

184 4157 289 4213 Facturi
300 4158 398 4214 cedunt
412 4155 451 4211 sic
462 4169 510 4211 sua
525 4155 592 4210 lacta
605 4170 664 4211 auo.
1017 4153 1057 4208 tto
1072 4155 1163 4222 putria
1178 4156 1256 4211 seder
1270 4155 1336 4211 civis
1350 4157 1438 4225 opima
1453 4155 1534 4213 redis.

145 4245 213 4302 Cum
225 4261 289 4302 raro
299 4245 363 4316 iusti
377 4255 450 4302 tauto
461 4245 604 4316 splendore
616 4245 747 4310 truantur,
981 4245 1072 4303 Ardua
1083 4246 1208 4303 nobilitas
1224 4262 1382 4318 proauorum
1396 4250 1454 4304 luce
1466 4264 1620 4317 coruscans,

181 4334 354 4405 Coupartdent
367 4335 477 4390 uimlum
489 4349 519 4391 re
534 4336 651 4392 caruisse
661 4336 740 4391 mori.
1017 4337 1080 4394 Plus
1096 4347 1185 4394 umen
1199 4353 1229 4395 es
1243 4339 1347 4396 merlus
1357 4341 1529 4410 gloridcauda
1544 4343 1606 4399 tuis.

128 4424 185 4482 'abe
199 4425 315 4482 tenebris
330 4425 458 4496 migrasse
473 4425 600 4481 tarentin
616 4427 673 4481 luce
688 4426 808 4496 pereuni,
985 4427 1029 4483 l'ir
1042 4428 1086 4483 cui
1098 4427 1271 4500 Namatiusu,
1285 4431 1363 4487 datus
1375 4432 1437 4488 iude
1450 4432 1550 4489 Vienna
1566 4433 1691 4491 sacerdos
1705 4453 1714 4490 ι

180 4513 216 4576 tu
229 4518 313 4589 magis
326 4517 359 4575 ad
373 4517 443 4575 bona
458 4527 496 4575 tot
510 4517 609 4575 tardius
620 4517 673 4575 isse
687 4518 790 4576 dolent.
1015 4518 1134 4589 conjoge
1148 4518 1284 4589 deiuncto,
1299 4523 1453 4576 consociata
1468 4521 1533 4590 Deo,

75 4743 83 4754 ·
182 4739 199 4775 ⁸-
211 4730 271 4788 buo
280 4729 365 4788 Codd.
379 4733 439 4788 ilat.
453 4744 480 4790 et
494 4733 561 4791 tun.
578 4733 661 4803 tidie,
676 4745 814 4793 commoret
828 4752 910 4794 orma.
980 4744 1088 4802 custos,
1102 4734 1147 4792 liic
1160 4751 1265 4802 sersus,
1280 4739 1323 4806 oui
1340 4739 1365 4793 in
1382 4738 1470 4794 lirum.
1487 4740 1551 4795 edit.
1567 4749 1594 4796 et
1609 4754 1659 4797 ms.
1679 4743 1769 4803 codd.

83 4835 88 4846 =
171 4799 274 4857 'lt'l'res
288 4802 372 4859 Codd.
388 4804 460 4869 lat,
473 4805 532 4858 bluc
547 4804 639 4862 duur.
979 4807 1075 4874 quibus
1088 4811 1129 4862 usl
1141 4821 1235 4863 sumus
1248 4822 1358 4865 mancus
1374 4813 1517 4879 reperitur,
1532 4812 1570 4865 sic
1583 4813 1742 4880 suppletor:

92 4899 96 4906 ·
166 4881 195 4912 ⁴
207 4871 356 4928 Uttuffiud.
371 4874 441 4939 liat„
452 4873 558 4945 Aputltc.
979 4896 1032 4948 lluc
1043 4901 1149 4962 sapiens,
1161 4900 1272 4964 stolidus,
1286 4901 1383 4966 probus,
1400 4903 1533 4967 improbus,
1548 4911 1622 4968 atquc
1634 4908 1769 4972 superbum

179 4938 366 5000 ill-nussum
380 4943 449 5011 lat,
465 4948 502 4999 sic
515 4961 585 5002 curos
1020 4983 1026 4994 ·
1100 5000 1106 5012 ,

182 5012 507 5085 ⁰lddit.·l'eu.,porripit.
979 4979 1106 5084 ⁸²¹¹*st
1130 5074 1135 5085 ‚
1163 5076 1187 5087 ..
1254 5077 1259 5088 ⁸
1312 5077 1317 5090 ⁸
1397 5079 1403 5090 ,
1490 5080 1496 5091 ,

180 5075 192 5116 t
211 5084 283 5140 Μὴ.
298 5084 365 5141 γη,
380 5093 406 5140 01
417 5084 470 5140 du„
482 5082 568 5140 (Μ,
587 5087 656 5154 Μ,
668 5089 722 5144 ,pm
735 5098 855 5145 „unm
1072 5072 1187 5126 Drssnmtlr
1198 5081 1287 5128 mento
1298 5078 1416 5129 snctrsbnt
1425 5089 1561 5130 unanimes.

180 5160 193 5198 ⁸
209 5154 287 5220 llud,
302 5170 427 5209 amemus.
1294 5157 1510 5228 (Semnonum
1523 5158 1605 5230 uoto.)

179 5219 267 5306 ”Ilico
287 5225 373 5282 tiodrl.
397 5225 468 5295 l'at.,
483 5224 531 5280 liae
553 5227 670 5283 arelium.
694 5228 766 5285 Edit.
782 5229 861 5294 lem,
875 5229 928 5286 lter
1015 5234 1034 5262 ¹¹¹
1049 5225 1104 5303 lloc
1131 5241 1223 5310 poema
1250 5235 1277 5284 et
1301 5243 1416 5300 sequeus
1439 5229 1536 5287 desunt
1565 5231 1592 5286 in
1615 5244 1669 5287 uuo
1689 5230 1758 5289 Cod.

145 5291 281 5448 noefwlgg'it.
293 5363 406 5424 ¹lauret
420 5381 488 5422 onus
499 5365 567 5423 cuo.
583 5366 656 5434 lat,
670 5370 774 5440 juncto.
981 5295 1287 5451 vatllffrtnrvsegoffidlliat„
1300 5385 1346 5424 uer
1358 5371 1421 5425 nutui
1433 5371 1520 5444 {leuda
1534 5387 1651 5426 manens.

183 5432 191 5482 l
210 5434 278 5490 Edit.
294 5435 402 5493 lerr.et
416 5448 470 5493 tres
480 5435 546 5491 Cod.
563 5437 633 5507 llat,
646 5453 762 5493 reuocare
772 5439 891 5511 moduni.
1017 5442 1029 5469 ⁰
1046 5435 1119 5490 linus
1135 5436 1202 5493 Cud.
1218 5437 1315 5507 latre,
1331 5449 1398 5494 terra
1418 5442 1493 5507 cute·
1506 5441 1583 5506 alter,
1606 5452 1681 5497 terre
1696 5451 1766 5498 terro

181 5500 281 5559 ¹¹Edit.
298 5505 485 5563 Vemetuuus
505 5506 660 5572 Codlat..
676 5515 887 5581 mproueseuua.
981 5505 1066 5559 turer.
1167 5544 1170 5548 Α

142 5649 144 5652 ⁴
185 5568 236 5627 ¹lu
266 5573 333 5630 Cod.
363 5592 414 5631 ms.
439 5576 528 5632 sucult
550 5593 583 5633 rr
608 5593 661 5648 quo
683 5593 746 5634 usos
770 5589 814 5636 est
839 5579 927 5637 uircl.
1016 5574 1194 5631 uouocudt.
1212 5577 1285 5648 vau,
1301 5581 1553 5652 portatrinurplmua.

142 5644 261 5701 lacobus
285 5643 436 5714 llorellius,
455 5647 628 5706 bibliothece
650 5648 681 5708 S.
706 5649 785 5707 dard
812 5649 929 5707 Varrctiis
1017 5646 1094 5702 llllc
1117 5646 1280 5706 Namnatius
1304 5650 1444 5723 spiscopus
1466 5647 1623 5712 Viennensis
1648 5654 1714 5723 luit,
1737 5667 1769 5710 ae
