3810 6128
779 301 912 358 meeum
932 301 1113 357 subitonus
1687 296 1756 351 id'li

1127 433 1129 438 .
1164 423 1624 439 k—-u—-n-——u—--nuffl
1630 422 1706 437 n
1720 422 1755 441 q

436 509 752 589 'SENTENTIA
781 513 846 587 DE
873 511 1090 589 EEGUEIS
1119 510 1444 587 bulduinum.

166 748 250 805 Nemo
265 746 300 803 ad
314 763 360 803 eas
374 748 456 809 vadat
469 748 614 805 visitandas
634 751 685 807 nisi
698 752 742 821 qui
758 750 867 808 babebit
882 754 918 811 ibt
933 761 956 819 Δ
969 754 1033 819 rint,
1049 752 1162 823 primum
1177 749 1278 807 iscieut
1291 750 1447 805 renuntiare
1459 748 1528 821 patri
1547 752 1717 819 monasterii,
1730 766 1761 811 et

132 846 254 903 ruratrem,
276 839 316 893 rol
329 854 466 904 sororem,
482 849 528 894 aul
542 838 634 905 illlam,
654 850 682 897 ct
703 844 876 913 propinquas,
892 854 920 900 et
971 844 1017 899 ille
1030 843 1118 897 mittet
1138 839 1171 896 ad
1183 840 1319 904 seniores,
1332 840 1378 910 qui
1392 840 1418 893 in
1433 838 1609 895 ministerium
1624 840 1759 911 uquInum

131 930 315 997 consobrinas,
327 931 383 985 site
394 938 505 986 matrem
521 930 635 987 liliorum
649 947 769 988 suorum.
786 934 813 987 Si
828 944 917 988 aratam
970 930 1084 998 dcleqati
1099 936 1161 985 sunt
1177 947 1184 983 :
1198 928 1244 999 qui
1264 937 1436 985 occurrentes
1454 928 1507 991 eis,
1523 937 1625 984 etcum
1640 930 1708 1001 ipsis
1719 930 1760 987 ri-

130 1021 275 1076 necessitas
289 1020 370 1075 luerit
384 1030 413 1075 ut
426 1021 533 1077 uideam
546 1036 603 1085 eas,
617 1031 647 1077 ut
660 1030 803 1092 antequam
817 1038 918 1079 renun-
970 1018 1071 1073 dobunt
1091 1033 1158 1089 quas
1172 1032 1282 1074 neccsse
1295 1016 1445 1082 habuerint,
1457 1032 1518 1073 cum
1530 1016 1604 1072 omrai
1618 1016 1759 1089 disciplina

129 1110 228 1164 tiareut
250 1110 362 1173 saeculo,
380 1113 511 1165 intrarent
534 1113 560 1165 in
582 1112 791 1179 monasterium,
806 1122 916 1183 paterna
969 1112 997 1163 el
1010 1109 1106 1163 timolc
1116 1106 1174 1163 Dei.
1189 1107 1310 1177 Cumque
1323 1121 1370 1162 eas
1382 1103 1507 1173 viderint,
1522 1121 1575 1161 non
1589 1104 1631 1161 eis
1645 1106 1759 1177 loquen-

129 1199 241 1253 debetur
262 1199 301 1253 cis
322 1198 462 1255 burellus
478 1219 483 1253 :
499 1208 546 1255 aut
565 1200 652 1269 aliqua
678 1215 757 1256 caiisa
777 1201 916 1256 manilesta
968 1206 1012 1253 tur
1024 1199 1057 1252 de
1071 1199 1152 1254 rebus
1165 1196 1348 1254 secutarum.
1364 1192 1523 1265 Quicunque
1537 1194 1571 1249 de
1585 1194 1627 1250 bii
1643 1196 1759 1255 munda·

129 1299 185 1352 oss,
200 1290 307 1344 urittant
320 1305 379 1344 curu
393 1290 433 1346 eis
453 1290 571 1359 probam
586 1292 670 1345 virum
685 1292 772 1346 etatis
786 1307 818 1348 ac
832 1292 893 1347 vitm
908 1311 914 1345 :
968 1288 1002 1341 tls
1012 1286 1179 1358 procurrerit.
1195 1288 1297 1355 absque
1311 1285 1365 1340 ulla
1383 1282 1607 1339 recrastinatione
1622 1284 1759 1355 negligen-

128 1380 258 1437 videbunt
269 1396 329 1447 eas,
343 1391 373 1436 ut
386 1382 486 1451 parltcr
499 1390 673 1437 reuertentur.
692 1382 776 1438 Nemo
790 1382 871 1438 vadat
882 1383 915 1438 ad
969 1378 1012 1433 15oe
1028 1386 1107 1448 alque
1121 1386 1302 1448 contemnitis·
1317 1382 1378 1445 ³802
1393 1373 1502 1445 publice
1515 1373 1715 1446 βῦὲῐῐῑῑθῠῑῑθῑῦ.
1730 1384 1760 1431 nt

130 1470 198 1536 illas,
210 1463 265 1526 'nisi
286 1485 355 1540 quos
368 1485 448 1540 supra
462 1470 587 1525 diximus.
604 1470 631 1523 Si
655 1486 701 1526 cas
716 1470 807 1526 uidere
825 1471 918 1527 uoluc-
971 1468 1106 1539 possidere
1122 1467 1259 1524 valeamus
1272 1482 1353 1539 repna
1367 1467 1507 1523 caelorum.

507 1677 792 1755 CONCILIUIII
823 1674 1149 1755 IIISPALENSE.
1180 1676 1286 1753 GAP.
1316 1676 1388 1753 XI.
1439 1676 1445 1713 '

854 1834 1021 1853 ...ῆι-ιιι

162 1918 309 1974 Undecima
330 1919 437 1974 actione
450 1934 510 1975 cum
524 1934 656 1976 consensu
673 1920 808 1976 communi
820 1921 916 1977 decre·
931 1926 955 1985 Β
968 1931 1017 1985 est,
1034 1920 1130 1976 Christi
1154 1921 1300 1991 virginibus
1324 1918 1468 1977 familiares
1487 1933 1547 1976 esse
1560 1917 1676 1977 uelimus
1691 1938 1698 1974 ε
1713 1920 1760 1977 sed

127 2008 226 2075 rimus,
239 2014 269 2062 nt
287 2006 453 2063 monasteria
468 2009 599 2078 virginum
624 2011 651 2066 ln
665 2012 805 2081 prouincia
820 2011 916 2068 llmtica
965 2012 1040 2078 juxta
1055 2018 1085 2065 ut
1105 2011 1180 2079 iussa
1204 2010 1357 2081 regularum
1378 2009 1421 2065 vel
1443 2024 1574 2066 canonum
1597 2008 1756 2075 admonent.

129 2096 237 2154 condita
262 2098 455 2154 monachorum
481 2098 711 2158 administratione
737 2116 769 2159 ac
794 2102 917 2174 prasidio
967 2099 1208 2170 longesegregatos
1221 2099 1564 2171 atqucseJ'unctos‚eorurn
1578 2105 1685 2153 tanturn
1699 2112 1759 2155 cat·

128 2187 321 2256 gubernentur.
334 2187 409 2244 l'nnc
422 2188 493 2244 euim
504 2189 621 2245 salubria
635 2190 742 2248 Christo
756 2190 851 2249 dicatis
863 2193 918 2249 rir·
967 2190 1029 2248 dom
1065 2192 1253 2264 gubernaculis
1283 2192 1442 2264 deputamus
1462 2208 1469 2245 a
1489 2190 1707 2256 constituentes,
1731 2190 1760 2243 nt

128 2280 236 2348 pinibus
254 2279 433 2349 providemus,
461 2281 569 2350 qnando
591 2281 631 2337 cis
652 2291 743 2354 patres
766 2283 918 2353 spirituales
967 2278 1757 2353 unusmonaclrorumprobatissimuselisama-cujacem

129 2369 269 2439 eligimus.
284 2383 397 2438 qnorum
411 2385 462 2424 non
476 2370 563 2426 solum
578 2371 764 2441 gubernaculis
777 2373 858 2441 tueri,
871 2372 917 2430 sed
967 2374 1002 2430 sit
1016 2374 1113 2445 predia
1125 2387 1218 2428 earum
1232 2375 1331 2428 rustica
1342 2370 1384 2427 uel
1396 2372 1496 2427 urbana
1509 2367 1660 2432 intendere,
1676 2366 1757 2423 labri·

128 2460 210 2516 etiam
234 2460 364 2517 doctrinis
387 2460 512 2518 adiuuari
533 2464 644 2545 possint.
665 2463 721 2521 llac
743 2466 917 2522 taurencium
967 2480 1013 2521 cas
1032 2466 1175 2532 instruero,
1187 2466 1230 2520 vel
1249 2464 1272 2520 si
1293 2463 1357 2534 quid
1370 2460 1441 2517 aliud
1455 2460 1488 2516 ad
1502 2458 1692 2516 necessitatem
1704 2472 1759 2513 mo

130 2550 277 2607 unonaebos
286 2550 390 2607 cautela
401 2560 519 2618 serrata,
531 2561 561 2608 ut
575 2555 671 2610 rernotl
682 2555 716 2610 ab
729 2568 820 2611 earum
835 2570 917 2626 pecu·
968 2556 1079 2613 nasterii
1092 2556 1233 2626 prouidere
1248 2574 1254 2607 ι
1268 2562 1298 2609 ut
1308 2554 1405 2610 christi
1416 2552 1520 2608 launulae
1533 2565 1583 2622 pro
1595 2550 1693 2605 animae
1702 2562 1757 2604 sne

128 2642 247 2697 'latitate
260 2656 310 2697 neo
323 2656 410 2712 usquc
424 2643 458 2698 ad
470 2642 631 2700 uestibulum
643 2645 759 2701 babeant
770 2646 917 2703 accedendi
968 2655 1070 2702 tantum
1080 2645 1333 2711 utditatesollicitae‚
1344 2644 1409 2700 solis
1419 2642 1515 2698 divinis
1525 2640 1644 2697 cultilius
1653 2638 1757 2704 uiuant,

42 2736 46 2742 '
128 2732 264 2788 familiaris
282 2743 309 2788 tc
322 2735 491 2804 permissum,
503 2735 551 2790 sed
563 2750 651 2806 neque
663 2736 764 2805 abbati,
776 2736 818 2792 rel
833 2737 857 2792 ei
872 2738 917 2809 qui
968 2736 1147 2808 operibusque
1169 2735 1226 2791 suis
1247 2732 1402 2790 inserviant.
1418 2734 1489 2787 Sane
1507 2732 1531 2787 is
1551 2731 1598 2801 qul
1611 2728 1647 2785 ab
1660 2726 1756 2783 abbate

129 2822 275 2893 praemitur
295 2830 371 2879 extra
394 2838 454 2880 eam
477 2839 537 2894 qum
556 2825 753 2897 praesulatum
772 2826 919 2898 virginibus
967 2830 1143 2902 preponitur,
1152 2826 1254 2897 judicio
1265 2825 1305 2881 sui
1315 2825 1435 2896 episcopi
1445 2822 1649 2892 comprobetur.
1661 2818 1754 2873 l'rsus

131 2914 231 2970 Christi
246 2915 357 2984 aliquid,
371 2915 443 2986 quod
457 2915 490 2971 ad
505 2917 700 2973 iustitutionem
715 2930 820 2973 morum
833 2917 918 2988 perti·
968 2928 1058 2976 autem
1070 2919 1121 2975 illa
1133 2916 1228 2974 iisdem
1239 2916 1368 2973 cmnobiis
1378 2914 1489 2980 iaciant,
1504 2914 1603 2983 quibus
1615 2911 1753 2966 tuitionem

130 3012 186 3068 net,
200 3004 301 3060 licebit.
314 3004 369 3061 Nec
380 3022 441 3062 cum
452 3007 507 3063 sola
522 3023 582 3078 quaa
594 3017 692 3080 praest
706 3008 919 3079 frequentarem
968 3014 1136 3080 exspectant,
1149 3007 1184 3064 ab
1198 3007 1295 3063 iisdem
1310 3006 1410 3073 denuo,
1425 3012 1455 3060 ut
1469 3003 1627 3076 praedictum
1646 3008 1701 3065 cst,
1718 3000 1755 3053 la·

129 3093 248 3164 colloqui
268 3103 393 3165 oportet;
410 3097 458 3152 sed
482 3111 542 3153 cum
561 3099 714 3154 testimonio
736 3098 849 3153 duarum
872 3108 919 3154 aut
968 3101 1063 3157 borum
1094 3097 1196 3154 irttctns
1220 3103 1248 3153 et
1274 3095 1470 3169 procurationis
1500 3092 1658 3162 eudraqium
1682 3102 1753 3146 rece·

129 3184 210 3239 trium
223 3200 346 3241 sororum
362 3205 367 3239 :
383 3187 420 3241 ita
434 3196 464 3243 ut
475 3202 535 3241 rara
551 3188 586 3243 sit
598 3189 728 3257 aeconio,
742 3190 828 3245 breuis
841 3190 918 3245 locu·
970 3194 1068 3259 plurm.

72 3274 959 3349 mmmmmmfflmmmc

774 3525 843 3566 titio
860 3524 960 3567 SAEGEEI
979 3526 1014 3567 rll
1033 3527 1155 3567 laesuro.

93 3952 95 3959 .
174 3658 1710 4053 uuouortuuouuuus.

396 4172 715 4297 INCERTI
762 4168 1157 4299 adductus
1219 4169 1485 4297 SERMO

534 4406 621 4516 DE
669 4398 904 4519 DECEM
947 4404 1386 4518 VIRGINIBUS.

819 4607 1045 4621 m

165 4700 194 4757 lu
208 4699 334 4762 lectione,
349 4708 409 4764 qum
418 4692 496 4747 nobis·
506 4692 618 4746 recitata
632 4690 785 4754 cat,lratrcs
796 4688 916 4744 dilectis·
932 4691 1051 4751 [lteram
1064 4685 1174 4753 intelligi
1186 4685 1275 4748 debat,
1290 4691 1351 4753 quta
1363 4698 1454 4738 reuora
1473 4684 1532 4752 ipae
1541 4684 1668 4741 Donamus
1680 4687 1750 4741 simp.

131 4788 202 4850 sinui,
216 4784 367 4840 audiuimus
377 4780 519 4835 llomiuum
530 4778 647 4834 diuisae:
661 4776 753 4833 Simile
765 4786 803 4831 est
812 4791 918 4847 requam
970 4774 1176 4830 litudinemosse
1187 4773 1263 4839 dixit.
1272 4772 1438 4841 roquimmus
1447 4786 1532 4840 quare
1542 4774 1664 4843 quinque
1673 4774 1750 4833 dbia

131 4880 252 4934 emiorum
265 4873 351 4927 decem
364 4869 513 4941 airqinilur,
527 4883 595 4939 quor,
619 4868 729 4934 acceptis
742 4864 917 4935 lampadibus,
969 4873 1031 4921 suni
1046 4864 1125 4919 [nium
1142 4872 1171 4918 ei
1182 4866 1300 4934 quinque
1312 4866 1467 4934 prudentes·
1486 4862 1539 4921 mae
1550 4864 1623 4919 enim
1636 4866 1752 4934 quinque

130 4986 144 5023 e
163 4969 248 5022 ierom
260 4963 360 5018 cloiam
372 4974 466 5029 sportis
490 4967 514 5011 et
528 4972 630 5025 sponsu
644 4955 751 5025 (dotti.
768 4956 844 5024 xxv).
862 4954 917 5009 lloc
970 4953 1115 5026 prudenter
1128 4953 1281 5023 significant
1293 4969 1388 5025 omnes
1399 4962 1519 5017 sanctos,
1528 4954 1575 5022 qui
1603 4968 1664 5009 cum
1677 4952 1752 5009 cbri-

130 5061 152 5114 si
166 5054 287 5115 sccsndu
299 5070 314 5105 u
328 5051 445 5106 litteram
460 5056 564 5103 tautum
588 5045 782 5115 intelligimus.
806 5044 917 5099 nimium
970 5053 1013 5101 sto
1023 5052 1087 5100 suttt
1096 5044 1232 5112 regnaturi
1245 5061 1253 5098 ι
1267 5051 1294 5098 et
1303 5044 1463 5099 econtrario
1476 5044 1529 5099 itta
1542 5043 1662 5113 quinque
1675 5044 1752 5099 latu

131 5151 227 5205 durum
238 5145 344 5202 uidetur
366 5149 393 5196 et
404 5154 539 5210 asperum.
554 5137 630 5192 Absit
644 5138 720 5192 boca
733 5137 856 5192 sensibus
869 5149 918 5191 uo·
970 5135 1080 5203 liguram
1105 5133 1230 5187 uidentur
1251 5133 1351 5188 babere
1372 5132 1605 5199 Christianorum,
1626 5134 1672 5205 qni
1696 5135 1752 5192 sine

131 5242 214 5305 stris,
238 5246 268 5292 ut
282 5235 325 5289 uel
339 5233 374 5289 de
388 5230 470 5287 domn
484 5229 666 5297 cujuscunque
686 5228 768 5285 etiam
793 5224 918 5295 pauperis
970 5224 1097 5293 operibus
1110 5222 1189 5278 bonis
1215 5224 1249 5278 dc
1274 5224 1451 5279 salutantum
1469 5223 1623 5279 christiano
1647 5226 1753 5280 nomine

131 5326 274 5384 Christiani
302 5333 357 5379 tam
383 5335 481 5392 paruus
506 5332 632 5374 numerus
658 5317 747 5373 ueniat
778 5316 811 5369 ad
836 5315 917 5369 uitam
969 5312 1203 5384 gloriantur.ldeo
1223 5322 1314 5369 autem
1337 5311 1417 5369 latum
1430 5314 1557 5383 quinque,
1573 5323 1602 5372 er
1622 5314 1676 5371 qu„
1689 5330 1753 5385 pm.

130 5428 269 5476 aternam.
292 5414 326 5469 Et
340 5415 401 5471 ideo
413 5413 477 5484 quia
497 5409 569 5466 rrulla
596 5408 700 5464 ratione
713 5407 860 5464 secundun
873 5406 917 5459 lit·
969 5405 1064 5461 dentes
1076 5404 1196 5472 quinque
1220 5402 1364 5459 dicuntur:
1381 5405 1444 5473 quia
1467 5404 1588 5475 quinque
1606 5418 1705 5461 semo.
1727 5403 1754 5460 q„

167 5576 178 5601 ⁸
196 5566 383 5634 Fragmentum
397 5564 465 5626 boc,
481 5559 601 5617 tuamtis
615 5558 641 5613 id
656 5556 833 5612 demutationi
848 5555 918 5610 criti·
970 5553 1068 5622 ximus,
1083 5554 1116 5608 ad
1135 5560 1251 5609 mentem
1270 5562 1358 5608 tamen
1372 5550 1413 5633 Gi.
1429 5550 1561 5610 llolstcnii
1574 5554 1610 5609 ob
1623 5555 1755 5610 uariantes

129 5650 168 5691 ιιι
180 5636 206 5690 in
220 5633 348 5701 Regulam
359 5633 444 5686 sancti
460 5630 552 5687 lardori
566 5626 791 5698 llispalensisjsm
806 5628 915 5694 sulqnn-
970 5622 1098 5679 lectiones
1112 5624 1155 5678 bic
1168 5624 1297 5678 recudere
1310 5622 1419 5692 placuit.
