3810 6128
769 241 909 302 occult
927 244 974 301 Ab
992 241 1163 303 tinctitiis.

324 475 643 555 nuscuvltlo
667 467 872 556 cumton
900 474 956 554 III
984 476 1228 555 tudunum
1259 478 1584 569 suouuttuttt.

173 674 214 734 dd
226 675 308 743 buius
320 674 417 730 Incerti
431 674 549 730 auctoris
560 671 690 745 Regulam
706 692 755 746 pro
768 679 907 734 monacbis
918 687 1057 736 exaratam
1068 678 1281 745 observavimus,
1294 677 1366 732 illam
1377 692 1427 748 pro
1439 679 1580 734 monacbis
1591 675 1683 736 Sentis
1696 677 1766 735 seri-

137 781 213 842 ptam
226 767 321 833 baisse,
336 767 371 822 ob
382 766 493 839 rigidam
505 766 603 823 ibidem
617 769 802 840 prescriptam
818 773 993 829 monasticam
1004 772 1188 841 disciplinam
1204 781 1285 840 atque
1298 772 1334 826 ob
1346 771 1468 827 eamdem
1480 772 1612 827 rationem
1626 769 1765 826 existlma·

135 881 209 933 mus,
223 869 252 919 et
265 862 336 917 banc
348 872 507 931 praesentem
523 861 654 932 llegulam
665 879 715 933 pro
738 862 859 934 ejusdem
884 864 1002 920 nationis
1024 863 1276 919 sanct⁷monialibus
1299 863 1405 918 leminis
1430 864 1607 933 compositam
1636 878 1643 913 τ
1674 861 1710 915 ita
1734 869 1765 915 ut

135 964 252 1026 utraque
264 953 365 1024 Regula
378 969 461 1007 unum
476 951 654 1022 eumdemque
670 961 808 1009 auctorem
824 955 959 1017 babuerit,
979 955 1104 1009 nimirum
1126 962 1249 1009 sanctum
1261 953 1419 1008 columbam
1434 953 1558 1008 abbatem
1574 953 1718 1024 llyensem,
1735 961 1764 1008 ct

135 1045 331 1103 monachorum
345 1043 490 1100 Scotorum
505 1032 695 1114 patrinrcltam.
716 1043 808 1115 Neque
819 1045 845 1101 in
861 1045 1038 1101 bocmultnm
1053 1046 1086 1099 ab
1101 1044 1453 1115 opiniooerevcrendissimi
1464 1043 1577 1099 Calmeti
1587 1044 1761 1110 discedimus,

134 1141 181 1212 qni
195 1147 354 1208 auguratur,
369 1145 492 1192 sanctum
506 1133 672 1204 comgellum
688 1136 814 1192 abbatem
825 1137 890 1192 olim
903 1138 992 1194 sancti
1008 1136 1167 1191 Columboui
1177 1136 1312 1202 exstitisse
1324 1136 1420 1207 prioris
1434 1136 1544 1208 liegttlae
1566 1146 1714 1204 auctorem,
1727 1152 1762 1193 ott

133 1226 338 1286 similitudinem
352 1224 500 1294 discipline
514 1225 583 1294 apud
595 1222 784 1280 Luxovienscs
796 1227 946 1282 monachos
962 1226 1137 1291 introcluctae;
1162 1242 1224 1280 uam
1242 1228 1268 1282 in
1293 1229 1418 1283 omuibus
1440 1229 1579 1298 utriusque
1601 1245 1683 1286 sexus
1704 1247 1762 1287 mo·

134 1318 261 1376 nastertis
274 1316 344 1388 apud
359 1314 459 1373 Scotos
472 1313 565 1369 eadem
580 1314 665 1383 rigida
686 1315 828 1386 disciplioa
856 1315 1061 1372 observabatur.
1085 1315 1140 1371 Nec
1159 1317 1266 1386 quidem
1289 1324 1410 1372 sanctum
1431 1317 1596 1386 comgellum
1618 1301 1761 1392 scripsisse

134 1410 265 1482 Regulam
279 1410 456 1464 monasticam
483 1408 609 1477 legimus;
623 1405 671 1462 sed
684 1415 805 1464 sanctum
819 1407 977 1464 columbam
992 1417 1034 1464 tot
1046 1409 1272 1464 monasteriorum
1286 1416 1390 1479 patrem
1414 1424 1446 1465 ac
1468 1409 1653 1480 legislatorem
1676 1427 1760 1482 aguc-

133 1510 216 1557 scunt
229 1516 323 1558 omnes
333 1499 467 1565 historici,
478 1499 627 1568 presertim
643 1499 803 1554 venerabilis
817 1498 891 1554 Beda
910 1499 937 1554 in
951 1513 999 1554 sua
1022 1497 1139 1555 ilistoria
1158 1499 1358 1555 Ecclesiastico.
1383 1497 1416 1552 lit
1435 1499 1542 1570 nitidem
1557 1502 1583 1556 in
1610 1504 1761 1559 manastIco

132 1594 244 1650 Scotico
257 1593 372 1663 plurima
386 1590 558 1660 reperiuntur
571 1606 709 1647 sacramm
723 1590 856 1659 virginum
871 1590 995 1648 coenobla
1009 1591 1132 1660 antiqua,
1146 1591 1191 1646 ubi
1206 1592 1263 1648 lime
1277 1600 1352 1648 arcta
1367 1600 1395 1648 et
1419 1593 1504 1658 rigida
1531 1593 1675 1664 disciplina
1697 1594 1760 1649 olim

132 1683 339 1748 observabatur,
354 1681 504 1752 presertim
519 1681 546 1736 iu
560 1680 758 1736 dbemetlacusi
768 1681 938 1751 partlteoone
948 1690 1030 1750 atque
1045 1681 1115 1751 apud
1130 1680 1362 1752 tntntngnamtam
1373 1689 1401 1736 et
1414 1681 1665 1751 Coldlogbamiam,
1680 1683 1761 1739 sicuti

132 1785 160 1832 et
173 1774 245 1849 apud
255 1771 386 1830 liebrides
405 1772 463 1828 site
480 1771 666 1828 occidentales
679 1770 794 1839 insutas,
809 1771 856 1826 ubi
875 1779 985 1827 sanctus
1005 1769 1137 1826 Columba
1161 1787 1212 1841 pro
1234 1770 1483 1828 sanctimonialibus
1508 1771 1614 1829 leminis
1637 1773 1781 1829 cenobia·

132 1866 406 1936 condidit3adeoque
418 1865 646 1935 quemadmodum
660 1865 812 1933 monacbis,
825 1867 866 1922 sic
878 1873 908 1923 et
922 1864 976 1922 illis
988 1880 1111 1920 normam
1134 1865 1196 1921 vitae
1218 1866 1390 1936 prescripsit.
1414 1862 1449 1920 Ut
1474 1874 1505 1920 nt
1527 1864 1581 1929 sit,
1605 1862 1659 1920 lsoe
1679 1881 1760 1921 unum

131 1961 270 2018 ιιιοιιᾰιιιιι
285 1966 336 2023 est,
352 1959 486 2014 exoticam
497 1954 667 2027 disciplinam
683 1956 711 2012 in
726 1958 776 2014 bac
787 1956 896 2029 Itegula
909 1963 1066 2013 contentam
1077 1956 1143 2013 satis
1165 1955 1339 2014 manitestare
1359 1954 1499 2012 obsoletos
1523 1954 1667 2011 Scotorum
1690 1957 1761 2012 ritus

130 2063 159 2112 et
173 2050 350 2109 ceremonias
363 2050 457 2118 quales
467 2058 530 2105 suot
540 2049 673 2119 imprimis
689 2067 696 2103 ι
712 2057 877 2120 praeceptum
903 2048 1051 2112 virgInibus
1074 2049 1166 2106 datum
1187 2048 1221 2104 ad
1243 2048 1395 2105 coralitcnda
1416 2057 1530 2119 peccata
1551 2061 1600 2102 sua
1620 2045 1763 2102 abbatissae

132 2145 178 2204 vel
192 2144 353 2216 preposite,
368 2150 417 2199 aut
427 2141 579 2198 senioribus
592 2140 625 2195 ad
648 2140 675 2197 id
697 2140 859 2213 deputatis:
876 2139 976 2198 deinde
997 2140 1020 2195 si
1038 2139 1241 2197 consideremus
1264 2146 1304 2196 tot
1327 2140 1497 2195 visitationes
1519 2136 1705 2194 cubiculorum
1733 2151 1761 2194 et

130 2239 279 2304 lectorem,
293 2249 403 2292 severas
417 2247 512 2305 poenas
526 2232 742 2289 inobedientibus
754 2242 783 2288 et
795 2231 1027 2289 murmurantibus
1041 2232 1167 2298 inllictas,
1178 2239 1206 2289 et
1218 2232 1271 2288 alia
1285 2233 1370 2303 rigida
1384 2232 1497 2301 monita,
1510 2246 1661 2306 agnoscere
1673 2229 1757 2288 debe·

130 2347 212 2399 mus,
232 2331 303 2386 banc
315 2329 445 2398 Regulam
459 2326 495 2383 2l
508 2328 599 2400 capita
622 2326 808 2382 continentem
821 2325 933 2382 omnino
945 2338 1043 2396 sapere
1055 2339 1178 2382 severam
1201 2324 1344 2384 Scotorum
1371 2328 1547 2384 monasticam
1570 2324 1738 2395 disciplinam
1752 2340 1760 2390 ς

131 2424 255 2495 quamvls
265 2433 361 2480 auctor
373 2422 464 2491 aliqua
478 2437 538 2478 cum
553 2419 664 2488 Regalis
678 2416 767 2474 sancti
780 2417 917 2474 Benedicti
931 2424 959 2475 ιι
973 2416 1060 2474 sancti
1080 2416 1239 2474 Crtlntobani
1259 2421 1411 2475 communia
1436 2419 1611 2490 praescribere
1625 2417 1759 2477 videatur.

130 2517 247 2590 iusuper
256 2524 351 2572 notare
364 2515 454 2581 velim,
470 2523 607 2570 auctorem
622 2527 718 2570 revera
733 2511 910 2578 intellexisse,
924 2510 1125 2568 contessionem
1137 2512 1278 2570 abbatisse
1301 2514 1400 2571 iactam
1420 2513 1502 2572 luIsse
1517 2514 1760 2581 sacramentalem

132 2611 232 2668 ibidem
242 2612 314 2666 cnim
326 2609 493 2679 prohibetur.
508 2623 544 2664 ue
557 2606 670 2664 crimina
686 2607 791 2662 minora
805 2604 846 2660 vel
862 2605 980 2660 maxima
994 2604 1022 2660 io
1037 2605 1211 2662 cortesours
1227 2608 1345 2663 revelato
1358 2610 1598 2666 manilestareotur
1614 2627 1620 2662 :
1641 2608 1758 2663 Crimina

133 2708 236 2760 minore
256 2706 294 2760 ret
315 2706 431 2759 mommo
454 2701 601 2759 nallatenus
623 2701 800 2772 monileateut,
824 2700 875 2753 olai
895 2701 950 2756 soto
967 2699 1040 2770 justo
1049 2701 1143 2771 judici,
1157 2700 1201 2772 qui
1215 2701 1328 2756 omnium
1353 2703 1530 2770 confitentium
1549 2700 1657 2758 crimino
1680 2702 1758 2757 ineat.

132 2799 276 2871 (linocxtr,
287 2799 353 2854 Coti.
369 2796 478 2868 Regul,
493 2804 514 2852 t.
529 2796 574 2867 ll.)

1406 2915 1756 2938 -—¹-¹·—-

286 3010 485 3090 INCIPIT
509 3008 712 3088 nucum
740 2993 1007 3085 obtusitati
1036 3002 1221 3083 Plutus
1249 3003 1316 3080 nt)
1343 3002 1599 3081 VIRGINES.

380 3246 495 3305 catut
516 3245 660 3303 intuitu
932 3253 954 3308 Α
970 3252 996 3299 et
1019 3243 1184 3314 disciplinatu
1200 3250 1224 3297 et
1238 3243 1372 3297 scientiam
1397 3241 1460 3296 tiore
1472 3259 1524 3310 nac,
1544 3241 1655 3298 Bomitae
1668 3243 1758 3314 (Psoi.

972 3338 1075 3406 cxttu).
1091 3333 1119 3389 In
1134 3342 1248 3404 utroque
1259 3331 1358 3388 etenim
1377 3332 1519 3388 abbatisse
1533 3334 1679 3389 cavendnm
1702 3342 1760 3400 est,

218 3381 323 3440 ‘mm'
338 3400 354 3437 ⁶
372 3383 522 3438 mummii
546 3383 629 3454 'Imm
649 3399 705 3437 ’Μ
715 3383 825 3439 mem
972 3442 1006 3481 ne
1017 3437 1063 3482 aut
1078 3426 1158 3481 nimia
1170 3424 1291 3479 bonitate
1305 3424 1333 3479 in
1344 3423 1525 3494 subjectarum
1545 3424 1673 3480 cordibus
1695 3425 1759 3479 uitia

164 3519 310 3579 abusum
323 3519 477 3575 monasterii
488 3533 541 3574 noo
553 3528 608 3575 tam
619 3532 718 3587 genere
728 3532 808 3587 guam
816 3534 920 3589 sapien
972 3515 1087 3584 nutrIal,
1101 3525 1149 3571 aut
1163 3514 1246 3571 nimia
1256 3514 1404 3586 disciplinae
1419 3513 1578 3571 austeritate
1592 3529 1625 3571 ea
1636 3531 1696 3586 qum
1707 3515 1759 3571 leui

131 3612 166 3667 tia
181 3621 210 3667 et
222 3611 367 3666 saueutate
378 3609 474 3664 nobilis
486 3622 547 3665 esse
558 3609 640 3666 debet
655 3625 663 3663 z
679 3615 708 3663 ut
734 3624 795 3679 que
815 3624 919 3667 monto-
972 3608 1158 3681 increpatione
1181 3607 1300 3664 sananda
1329 3607 1449 3674 inerant,
1471 3606 1557 3676 rigida
1589 3609 1760 3678 correptione

130 3720 192 3758 nem
202 3703 236 3758 ad
246 3701 405 3758 erudiendas
419 3702 523 3757 animas
532 3701 606 3771 iusta
621 3702 773 3758 eruditione
782 3701 917 3770 lucubrat,
973 3699 1144 3771 dlripiantur.
1161 3697 1279 3755 lucautis
1293 3698 1394 3754 etenim
1408 3699 1447 3754 sic
1460 3697 1557 3753 blanda
1583 3699 1759 3768 persuasione

130 3794 247 3866 propriis
258 3794 362 3850 actibus
376 3807 430 3849 non
443 3791 632 3849 contradicit:
649 3792 710 3863 plus
733 3793 834 3849 etenim
854 3792 919 3848 sub·
971 3791 1129 3857 subveniat,
1149 3800 1179 3845 nt
1202 3805 1297 3845 eorum
1317 3788 1403 3845 saniei
1423 3788 1537 3844 antidoti
1560 3787 1760 3858 quodammodo

128 3883 228 3956 jugatas
240 3883 410 3954 prelatorum
424 3893 532 3938 actuum
545 3883 658 3938 sormam
673 3881 821 3949 imitantur,
836 3898 917 3953 geram
971 3882 1106 3939 medendo
1120 3896 1214 3938 curam
1229 3882 1352 3937 inlundat
1372 3898 1380 3935 a
1404 3881 1477 3936 sanis
1496 3896 1563 3937 vero
1587 3881 1706 3937 moribus
1726 3896 1758 3936 ca

129 3971 260 4029 doctrina·
275 3973 356 4028 illatae
375 3987 467 4028 aurem
490 3972 707 4029 accommodant.
736 3971 820 4028 Debet
845 3973 916 4027 enim
970 3973 1105 4031 hortando
1127 3974 1260 4043 prebeat,
1275 3982 1304 4028 ut
1322 3988 1382 4044 quse
1404 3987 1485 4043 agere
1503 3973 1760 4043 coepcrurtt,inelio-

130 4063 216 4119 sacris
226 4063 341 4134 eloquiis
354 4078 437 4135 opera
453 4072 562 4120 nectere
574 4078 666 4118 sacra:
680 4071 710 4118 ιιι
721 4078 780 4133 quae
790 4063 851 4133 ejas
860 4064 920 4119 imi·
971 4067 1057 4123 rande
1068 4081 1154 4134 usque
1165 4066 1199 4121 ad
1215 4067 1295 4119 llncm
1309 4069 1467 4134 perducant.
1486 4061 1557 4118 llibil
1580 4064 1679 4118 etenim
1694 4076 1759 4134 pro-

131 4163 205 4210 tatur
217 4154 370 4212 doctrinam
380 4170 415 4211 cx
429 4171 507 4218 voce,
524 4157 643 4212 imitetur
652 4155 752 4212 cultum
768 4173 803 4214 ex
816 4171 917 4228 opere:
972 4159 1034 4213 dest
1045 4159 1169 4229 coepisse,
1184 4158 1207 4212 si
1223 4156 1250 4211 iu
1264 4170 1347 4227 opere
1360 4155 1433 4210 bono
1446 4153 1518 4224 quod
1541 4161 1679 4224 coepcrant
1704 4170 1760 4207 non

132 4261 164 4300 ue
178 4244 202 4300 si
216 4245 243 4300 iu
261 4245 353 4315 aliquo
363 4245 423 4300 roci
438 4262 507 4312 opus
516 4246 720 4314 contradixerit,
732 4247 831 4303 [ructus
845 4247 918 4302 vttcis
971 4250 1097 4304 studeam
1111 4262 1295 4318 perseverare.
1311 4243 1416 4301 liabeat
1430 4260 1496 4316 ergo
1510 4253 1551 4301 tot
1572 4246 1678 4300 animos
1701 4260 1760 4298 ruo-

132 4349 185 4389 non
200 4334 326 4392 obtinere
340 4336 427 4390 valeat
439 4334 575 4391 ellectum.
590 4337 636 4392 Sic
655 4348 721 4405 ergo
744 4338 779 4391 sit
802 4345 830 4392 ct
852 4351 920 4393 uoce
936 4310 958 4369 Β
972 4346 1023 4403 ter,
1039 4346 1104 4409 quot
1118 4338 1201 4393 ltabet
1214 4340 1240 4393 in
1253 4353 1303 4394 suo
1319 4337 1450 4407 regimine
1465 4336 1548 4401 illias:
1571 4335 1687 4403 utjnxta
1701 4350 1760 4410 orn7

131 4432 226 4480 ornata
237 4433 267 4480 ct
279 4439 375 4494 opere,
390 4434 420 4479 ut
433 4437 461 4481 et
481 4426 629 4496 opnsvoci,
643 4435 672 4481 et
691 4442 743 4481 vor
770 4428 920 4483 consentiat
969 4431 1044 4486 nium
1061 4443 1151 4483 mores
1165 4431 1286 4485 omnium
1301 4431 1410 4487 noverit
1421 4430 1488 4485 vitia
1510 4444 1647 4486 coercere.
1672 4427 1760 4484 Tanto

129 4517 226 4586 operi;
242 4517 278 4571 stt
290 4518 463 4572 continentie
477 4525 506 4573 et
519 4517 649 4573 castitatIs
673 4519 739 4573 flore
761 4526 879 4586 compta,
892 4525 920 4573 et
969 4523 1005 4578 sit
1024 4523 1050 4575 iu
1065 4536 1160 4576 omnes
1175 4523 1359 4591 providentia,
1374 4530 1404 4577 ut
1418 4536 1469 4577 nec
1492 4521 1578 4592 pietas
1599 4520 1758 4590 discipline,

88 4660 92 4664 Α
133 4597 255 4662 nursinum
267 4624 314 4662 ore
327 4607 480 4674 laudabilis,
491 4610 611 4664 omnium
621 4609 759 4664 desideriis
781 4609 919 4665 imitabilis
969 4628 1058 4684 neque
1072 4613 1213 4684 disciplina
1228 4614 1321 4684 pietati
1335 4615 1425 4670 locum
1437 4615 1524 4669 tollat.
1546 4613 1615 4684 Agat
1637 4612 1759 4667 otttttiutn

131 4697 266 4766 evemplo.
283 4699 476 4754 Sitcltatitatis
488 4699 678 4755 benevolentia
694 4709 799 4766 omma,
812 4710 842 4755 ut
862 4716 920 4754 om·
969 4718 1078 4770 curam,
1091 4711 1120 4757 nt
1144 4703 1179 4758 de
1203 4704 1324 4758 omnium
1349 4703 1470 4774 proiectu
1494 4702 1628 4760 mercedis
1647 4703 1761 4774 recipiat

130 4791 204 4843 tritam
220 4788 336 4844 iidelium
363 4787 479 4844 laetificet
500 4789 592 4844 corda.
621 4788 688 4857 Erga
716 4790 919 4858 peregrinorum
969 4793 1059 4853 lucra:
1077 4801 1104 4846 ιιι
1119 4810 1153 4848 ex
1165 4795 1338 4864 corruptione
1350 4797 1489 4865 proesentis
1503 4796 1565 4850 vitae
1585 4784 1771 4864 quantorum

129 4890 157 4933 ct
167 4881 304 4950 hospitum
313 4881 520 4936 sollicitudinem
531 4892 642 4950 praesto:
653 4895 716 4947 ergo
729 4881 918 4938 ittlirmantium
969 4900 1022 4956 oue
1035 4895 1127 4956 erepta
1139 4895 1242 4941 tantum
1255 4887 1353 4944 laboris
1371 4888 1485 4958 recipiat
1494 4889 1761 4959 praetutium,tpuautis

130 4984 224 5024 curam
237 4969 373 5028 sollicita:
390 4972 576 5054 crgaInopum
589 4983 616 5026 ct
630 4988 778 5041 egenorum
792 4973 874 5044 jutan
885 4990 919 5029 en
970 4977 1003 5031 ad
1017 4977 1179 5033 vincendum
1202 4978 1339 5033 immicum
1360 4978 1490 5048 prestdtts
1513 4979 1628 5048 prebuit
1652 4976 1760 5048 supple·

131 5063 270 5130 opulenta.
285 5059 330 5116 Sic
344 5061 558 5130 ‹lullonuentinm
582 5063 713 5132 ignaviam
739 5065 867 5134 corrigat,
890 5073 921 5119 ut
970 5081 1100 5125 mentum.

130 5151 164 5205 ad
178 5150 284 5206 cultum
295 5150 432 5220 religionis
445 5152 559 5209 lascivas
568 5163 596 5209 et
605 5154 689 5210 fessas
712 5162 816 5210 mentes
838 5155 919 5211 redu·
1280 5164 1396 5221 captur
1415 5167 1449 5222 ιι,

88 5250 103 5262 ⁴
130 5251 186 5296 cat.
211 5242 257 5297 Sic
281 5242 492 5298 misericorditer
515 5244 643 5299 bonitatis
669 5245 739 5299 dona
762 5243 918 5311 distribant;
1452 5301 1458 5312 ,
1634 5300 1651 5314 „

129 5340 264 5402 quatenus
274 5346 309 5389 ex
327 5332 409 5388 nimia
424 5333 546 5389 bonitate
560 5333 707 5389 sucinorum
721 5333 840 5389 somcttta
865 5350 919 5389 nou
1067 5297 1157 5360 Quam
1177 5297 1268 5353 ‘um‘
1280 5314 1335 5353 ⁶³⁸⁶
1348 5308 1486 5368 ΜΡΝ
1499 5309 1660 5355 mmmm·

128 5423 244 5479 nutriat.
258 5424 301 5479 Sit
314 5439 380 5493 ergo
395 5424 474 5479 bonis
488 5426 558 5479 bona
574 5439 622 5493 per
635 5425 771 5493 meritum,
785 5427 821 5482 sit
842 5426 920 5482 uvalis
1007 5426 1154 5501 Imposita
1169 5434 1325 5490 monasterii
1342 5450 1397 5488 non
1411 5443 1491 5491 aetate
1505 5436 1594 5504 seruili,
1608 5436 1655 5491 sed
1678 5436 1759 5491 mori·
1787 5427 1790 5436 '

128 5515 200 5569 ntala
217 5529 264 5582 per
277 5513 424 5583 llagellum,
437 5517 508 5585 quod
518 5514 651 5571 mediante
662 5517 773 5572 scientia
786 5517 918 5587 agendum
970 5520 1020 5576 bns
1033 5523 1285 5597 constituendattst.
1302 5524 1398 5578 llultas
1411 5525 1511 5581 etenim
1525 5527 1758 5596 prolixitasanno-

129 5617 180 5671 est,
196 5604 274 5674 juxta
286 5605 435 5663 Pmtmbta
449 5608 600 5665 orationem
621 5608 735 5665 dicentis
751 5629 758 5665 :
772 5610 917 5666 lionitntcm
971 5624 1030 5666 rum
1045 5613 1156 5680 attollit,
1169 5615 1216 5670 scd
1230 5615 1347 5673 dedecus
1362 5618 1496 5687 torpentis
1511 5618 1572 5674 vite
1586 5620 1619 5675 ad
1642 5620 1760 5705 tietantia
