3810 6128
129 327 186 389 268
719 319 967 379 tttsctuttttut.
983 347 1018 363 -
1030 318 1095 375 tto.
1118 316 1184 374 titt.
1269 355 1271 362 ι
1708 309 1761 367 270

131 447 270 513 Quantum
285 451 382 510 sponsa
399 444 487 508 potest
498 435 533 492 de
547 433 696 506 uirginitate
710 436 833 506 placere,
936 428 1033 500 ΛΟιιο
1049 437 1146 499 praeter
1158 427 1298 494 cherubin,
1313 427 1449 496 seraphin,
1465 426 1636 497 reliquosque
1649 428 1759 497 besam,

173 537 232 604 lpna
247 543 260 570 ⁸
276 532 323 588 Dei
338 531 454 604 genitrix
474 529 581 586 nonnisi
597 528 673 598 sirpo
687 528 783 598 placet.
1013 521 1020 572 l
1039 521 1160 589 llliperos
1172 514 1299 586 comites?
1310 533 1378 590 quos
1393 518 1457 591 tegit
1473 519 1563 575 utnubrn
1576 517 1636 584 bei,

133 617 486 689 Sara,lile'becca,llacbel,
495 618 601 687 Esther,
614 617 714 682 luditb,
726 614 922 682 annamocnsi,
976 611 1020 669 llis
1034 611 1158 668 duodena
1173 626 1267 667 senum
1282 623 1425 668 concursat
1437 612 1521 683 gloria
1537 622 1626 668 uatum

173 715 304 784 Quamvis
316 711 453 784 precipue
466 710 571 766 culmen
582 707 615 764 ad
628 716 700 763 astra
713 708 814 768 levent,
1009 702 1142 767 Attonitas,
1156 717 1236 760 sensu
1251 702 1387 772 plaudere,
1400 717 1475 770 noce,
1491 717 1581 759 manu.

135 808 216 865 [latia
236 818 323 861 tamen
338 805 434 860 meruit
446 802 538 858 mundi
552 816 682 874 generare
704 809 852 870 parentem.
975 793 1022 851 llis
1035 793 1110 850 seuit
1125 793 1207 859 Elias,
1224 792 1276 849 illis
1290 792 1316 848 in
1330 793 1454 849 curribus
1468 792 1572 860 Eoocfs,

174 903 241 968 Qua
256 897 394 953 boroinum
411 896 526 967 peperit,
538 895 629 951 clausa
640 892 721 947 llaria
736 899 836 948 manet.
1011 885 1044 941 Et
1059 886 1113 940 nati
1129 884 1211 952 dono,
1228 885 1302 954 uirgo
1317 884 1399 940 113ιί3
1414 885 1495 954 prior.
1592 913 1594 916 ·

136 992 297 1048 intemerata
309 990 392 1044 11113111
407 986 546 1057 suspendit
562 979 574 1026 1
589 986 624 1040 ab
637 984 719 1040 ubere
736 991 837 1047 natans,
974 975 1163 1032 luriaconsulti
1179 975 1254 1030 Paull
1270 963 1416 1031 comitalia
1432 976 1533 1040 uolatu,

175 1083 211 1138 Et
222 1096 316 1152 panem
328 1079 389 1136 coeli
404 1092 516 1135 munere
529 1075 607 1132 lactis
623 1076 680 1129 alit.
1011 1067 1139 1136 Princeps
1156 1065 1273 1121 liomaua
1287 1067 1372 1121 currit
1384 1067 1419 1121 ab
1432 1081 1493 1122 arce
1508 1065 1614 1124 Petrus.

136 1176 196 1233 llaa
209 1188 274 1243 erpo
286 1174 314 1227 in
326 1185 432 1241 sponsae
448 1166 545 1226 rttsnscl
560 1168 663 1224 aiscerc
677 1165 763 1238 diligit
774 1164 843 1234 ipsc,
975 1153 1145 1212 Conveniunt
1156 1154 1189 1209 ad
1204 1155 1270 1210 festa
1283 1153 1362 1208 siconi
1378 1169 1425 1210 sua
1440 1155 1510 1211 dona
1525 1156 1654 1220 ferentes,

174 1265 251 1332 Quod
266 1262 341 1331 prius
352 1261 381 1316 ln
395 1265 407 1294 ⁰
422 1268 507 1314 matre
519 1258 584 1329 legit
598 1259 701 1314 bonore
715 1271 802 1312 sacer.
1011 1245 1043 1304 lli
1058 1263 1170 1318 quorsum
1187 1249 1291 1305 eineres
1306 1248 1385 1315 Urbs,
1400 1259 1480 1320 caput
1494 1252 1578 1316 orbis,
1593 1252 1689 1318 ltnlret,

137 1354 253 1411 omna
264 1351 376 1407 libarius
388 1357 509 1419 pcneaat
521 1349 574 1404 sibi
593 1347 699 1418 cognita
712 1348 776 1418 soli,
976 1338 1087 1393 dulmen
1102 1340 1289 1410 apostolicum,
1304 1341 1417 1396 radianti
1433 1342 1492 1398 luce
1504 1357 1656 1398 coruscum.

176 1447 209 1501 Et
221 1460 275 1515 quo
289 1458 368 1499 nemo
379 1440 438 1508 fuit,
455 1442 540 1496 latior
551 1441 633 1495 intrat
646 1442 706 1495 iter.
1012 1429 1114 1486 Nobilis
1126 1432 1259 1487 andream
1273 1435 1356 1487 mittit
1371 1433 1469 1489 Achaia
1482 1449 1570 1490 suurn.

136 1537 204 1594 flac
213 1550 260 1591 tus
273 1533 392 1588 membra
407 1541 513 1602 putans,
525 1546 584 1602 quar
599 1532 670 1586 nulla
685 1529 783 1601 injuria
797 1528 893 1596 intrat,
977 1520 1142 1592 Praecipuum
1155 1525 1257 1581 meritis
1270 1524 1394 1595 Ephesus
1408 1529 1560 1583 veneranda
1572 1527 1713 1595 loannem,

175 1630 242 1694 Quae
254 1634 413 1695 nequesuut
428 1624 482 1678 alio
497 1622 652 1692 participata
666 1624 734 1689 uiro,
1015 1615 1112 1685 Dirigit
1123 1624 1151 1672 et
1165 1615 1280 1673 lacobus
1295 1628 1366 1674 terra
1380 1620 1456 1675 beata
1471 1636 1563 1676 sacros

136 1723 212 1777 olitis
225 1719 252 1774 io
267 1719 374 1783 adactu,
389 1725 482 1786 pectus
496 1713 684 1784 complectitur
695 1711 770 1781 illud,
978 1703 1051 1760 Laeta
1065 1706 1120 1764 suis
1134 1710 1204 1766 notis
1219 1707 1372 1780 Hierapolis
1385 1711 1454 1765 alma
1469 1711 1631 1783 Philippum,

177 1812 319 1878 Promptus
330 1822 422 1862 amore
436 1805 446 1845 f
460 1806 562 1870 colens,
574 1819 626 1873 quo
639 1804 707 1859 alter
720 1811 824 1857 amator
834 1802 920 1860 abest.
936 1793 961 1856 B
1009 1797 1162 1855 Produeens
1177 1799 1306 1857 Tbomam
1323 1818 1417 1859 mutnus
1434 1805 1531 1861 Edessa
1546 1809 1629 1875 pium.

135 1905 208 1961 Cum
222 1917 271 1958 sua
286 1916 367 1972 regna
384 1901 453 1955 bens
468 1899 567 1969 pariter
583 1897 648 1952 uelit
662 1896 786 1950 omnibus
798 1910 868 1962 esse,
974 1886 1037 1944 lude
1051 1890 1257 1960 triumphantem
1270 1892 1321 1949 fert
1333 1894 1407 1948 ludia
1419 1894 1655 1962 Bantootnnaenn,

177 1993 233 2047 llos
247 2004 388 2046 commune
403 2000 491 2043 tamen
505 1984 629 2042 Clscistus
643 1985 743 2041 babere
758 1984 835 2055 fugit.
1014 1977 1166 2035 lltllltaeum
1181 1980 1308 2035 eximium
1322 1980 1335 2018 ¹¹
1350 1980 1491 2036 Ntddater
1503 1982 1556 2036 alti
1572 1985 1668 2038 airum.
1737 1982 1741 1993 ’

136 2084 192 2141 l’er
205 2081 384 2152 paradisiacas
397 2080 491 2149 epulas
503 2077 577 2148 cupit
589 2092 652 2134 esse
665 2077 799 2146 coluarcs,
974 2072 1044 2131 llinc
1055 2072 1191 2129 Simonem
1208 2085 1239 2126 ac
1252 2071 1348 2126 ludam
1363 2072 1451 2127 lumen
1467 2068 1575 2128 Persida
1591 2077 1743 2145 pantolium,

179 2176 329 2245 l'irgiueam
344 2176 417 2228 solus
432 2172 490 2228 rult
503 2171 623 2227 babitare
633 2170 752 2226 domum.
1014 2164 1108 2222 ι11111
1122 2165 1241 2220 relaxato
1256 2164 1336 2219 mittit
1350 2165 1383 2219 od
1397 2174 1466 2219 astra
1480 2165 1549 2222 sina.

136 2266 236 2324 Castra
249 2266 383 2334 pudicitia
395 2264 493 2319 melius
506 2279 553 2320 rea
565 2263 622 2333 ipse
634 2273 733 2330 tuctur,
976 2261 1008 2318 Et
1021 2259 1080 2317 sins
1094 2274 1156 2315 rore
1171 2259 1245 2315 feraa
1260 2255 1393 2331 AEpyptus
1408 2261 1508 2316 torrida
1523 2261 1649 2318 llarcum.

177 2361 205 2418 Si
221 2359 271 2415 sibi
283 2373 337 2412 non
349 2358 431 2413 uiolet
442 2356 518 2413 turba
528 2357 614 2412 dicata
630 2351 721 2412 fldem.
1012 2352 1091 2408 Luca
1106 2350 1259 2420 evangelica
1275 2350 1451 2420 participante
1465 2352 1538 2409 triba.

138 2453 202 2525 lpse
215 2452 383 2507 voluntatens
395 2452 417 2505 sl
429 2448 527 2505 viderit
546 2463 608 2504 esse
622 2447 738 2516 fidelem,
975 2443 1064 2502 Africa
1081 2442 1253 2515 cyprianum,
1269 2443 1314 2497 dat
1329 2452 1348 2480 ¹¹¹
1363 2443 1448 2501 Siscia
1463 2446 1534 2501 clara
1549 2445 1698 2514 Qtuirinom.

180 2543 284 2610 Proque
297 2541 355 2596 suis
368 2538 472 2595 famulis
485 2545 514 2594 et
529 2537 599 2595 Deus
612 2553 686 2594 arma
699 2549 779 2596 tenet.
1012 2537 1131 2593 Vincenti
1146 2536 1261 2607 llispana
1275 2539 1359 2608 surpit
1373 2539 1478 2596 abarce
1490 2542 1582 2597 decos.

140 2629 786 2704 Ι1331133,131333313311313111111111331331.
977 2626 1120 2700 Egregium
1135 2627 1269 2683 Albanum
1286 2627 1399 2685 fecunda
1415 2630 1551 2686 Britannia
1566 2633 1677 2702 profert,

146 2784 149 2787 ,
177 2724 192 2764 ⁵
205 2726 241 2782 Et
248 2725 351 2782 stabilit
364 2724 479 2781 solidum
497 2722 593 2780 mentis
606 2722 633 2778 in
648 2737 711 2780 arce
722 2722 844 2795 gradum.
1012 2718 1127 2774 llassilia
1141 2717 1233 2774 Victor
1248 2731 1351 2792 martyr
1364 2721 1398 2777 ab
1414 2722 1478 2777 urbe
1492 2722 1572 2778 ienis.

145 2820 153 2852 ¹
169 2817 279 2874 Ballista
292 2815 412 2888 jaculans
426 2829 475 2885 pro
489 2822 515 2871 te
529 2829 590 2870 mos
606 2816 662 2871 enit
676 2815 702 2872 io
719 2819 836 2883 bostem,
976 2811 1091 2882 Porripit
1105 2812 1161 2883 ipsa
1173 2811 1272 2869 decens
1284 2813 1378 2869 Arelas
1390 2815 1430 2883 pria
1443 2814 1511 2870 dona
1526 2814 1639 2883 Genesi,

179 2909 276 2966 l’erdat
289 2918 320 2964 ut
332 2908 470 2976 adversos,
486 2908 530 2979 qui
546 2908 593 2964 tibi
610 2909 679 2965 bella
694 2918 813 2978 monent,
1011 2905 1098 2964 astris
1112 2907 1230 2963 cesario
1241 2909 1438 2965 concomitante
1450 2926 1510 2965 sno.

143 2999 231 3058 mres
244 2999 277 3055 ad
291 2999 431 3070 amplexus
443 3007 503 3069 post
515 2999 608 3071 prelia
622 3010 696 3072 gesta
711 3001 889 3075 triumphatus,
976 2993 1035 3066 1111
1048 2994 1181 3052 Potitia&
1194 3006 1321 3069 timberti
1333 2999 1474 3072 Dionysio
1489 3003 1564 3066 urbe,

178 3090 380 3162 tomentatios
394 3090 484 3148 oscula
497 3100 572 3147 casta
584 3093 679 3149 sacris.
1011 3088 1213 3161 Augustoduno,
1230 3091 1436 3164 symphoriane,
1452 3095 1536 3149 uenis.

147 3179 292 3249 blanditur,
308 3179 421 3248 refovet,
434 3190 587 3250 veneratur,
601 3180 727 3250 honorat,
743 3183 897 3253 obumbrat,
940 3149 993 3220 θ’
1007 3179 1142 3238 Privatum
1156 3180 1284 3251 Gabalus,
1295 3184 1428 3242 lulianum
1442 3194 1454 3221 ⁰
1466 3187 1602 3244 Arvernus
1612 3189 1760 3261 abundans,

181 3275 212 3331 Et
225 3275 296 3330 locat
307 3273 334 3330 iu
349 3273 466 3330 thalamo
479 3274 597 3331 membra
611 3274 707 3344 pudica
720 3289 779 3333 suo.
1012 3271 1167 3331 Ferreolum
1182 3276 1282 3347 pariter
1295 3278 1406 3348 pulchra
1423 3280 1523 3337 Vienna
1533 3283 1610 3353 perit.

151 3365 244 3425 oded
259 3379 385 3438 proceres
396 3364 431 3420 ad
442 3364 515 3436 reaia
528 3374 590 3421 roa
602 3364 766 3438 frequentes,
977 3364 1045 3422 lline
1059 3365 1138 3422 simul
1152 3366 1293 3437 Hilarium,
1308 3369 1449 3427 Martinam
1462 3371 1547 3429 Gallia
1563 3375 1654 3442 mittit,

183 3458 306 3515 certatim
321 3456 443 3523 venians,
456 3454 663 3527 agglomerando
677 3459 802 3515 cnorum.
1012 3456 1176 3528 Tequoque,
1191 3457 1329 3528 Laurenti,
1343 3471 1357 3513 1
1371 3462 1465 3532 Roma,
1481 3465 1569 3537 beate,
1584 3466 1653 3524 tulit.

187 3657 269 3714 ·fres
278 3657 366 3714 codd.
382 3655 442 3714 lat.
462 3657 532 3714 sicut
544 3666 572 3713 et
583 3665 667 3726 nost„
682 3659 739 3729 ipsa
752 3657 926 3730 culpmisrs'a.
977 3659 1038 3713 dam
1052 3659 1200 3799 fortiorem
1225 3659 1338 3724 corporis
1350 3662 1406 3733 ejas
1431 3651 1569 3735 aliquotam
1581 3681 1624 3722 eas
1639 3666 1666 3721 ia
1686 3669 1762 3725 arbes

187 3725 278 3784 tonus
290 3729 358 3783 cod.
374 3727 446 3794 lat,
467 3729 534 3784 Sura
558 3738 638 3793 recta,
660 3728 767 3793 ducaei,
791 3740 925 3799 corrupte.
976 3731 1039 3784 otim
1063 3730 1302 3787 aissetranslmem.

190 3798 275 3854 'Edit
297 3797 364 3853 len.
386 3808 413 3852 et
435 3798 705 3863 dicendumne..
726 3801 761 3854 ud
784 3800 863 3854 alera
881 3816 926 3854 sto·
1014 3796 1024 3836 ¹
1046 3798 1115 3854 Edit.
1133 3800 1211 3866 len..
1228 3797 1340 3872 Lutaqac
1354 3800 1452 3857 laxato.

167 3873 212 3922 tasi.
225 3870 268 3924 Sic
281 3883 388 3937 auoque
404 3866 452 3924 Ed.
469 3869 553 3924 Paris.
1014 3877 1035 3907 ¹²
1053 3868 1178 3925 llendose
1194 3872 1280 3941 vulgo,
1309 3872 1400 3927 Statio.
1424 3873 1543 3931 lectioni
1559 3876 1647 3933 bron.
1673 3878 1763 3937 fareot

193 3934 363 4005 1111111113,
375 3939 469 3995 risraa
483 3939 578 4011 dilipit.
976 3939 1042 3997 edit.
1071 3939 1134 3995 llen.
1159 3948 1186 3996 et
1200 3941 1253 3995 duo
1267 3940 1352 3996 Codd
1376 3944 1434 3997 1131.
1459 3944 1533 4001 Unus
1557 3948 1637 4003 lsubet
1659 3949 1762 4022 Scyria.

193 4009 283 4074 tibio„
298 4011 445 4063 inornarent
459 4010 529 4082 lepit.
630 4064 634 4074 ,
976 4010 1076 4068 Scissis
1102 4024 1167 4065 nero
1193 4011 1256 4065 urbs
1278 4023 1335 4066 crat
1361 4014 1387 4066 in
1412 4015 1547 4071 l’onttouia
1571 4020 1761 4087 superiorein

195 4076 253 4132 llls.
268 4094 367 4145 meum,
382 4078 475 4134 calcus.
975 4095 1028 4150 qua
1053 4094 1148 4150 passm
1162 4088 1204 4135 est
1221 4091 1328 4135 sanctus
1341 4081 1478 4149 Ouirinns,
1494 4085 1527 4141 de
1538 4101 1590 4156 quo
1603 4087 1762 4147 Prudentius

94 4150 97 4216 j
193 4147 261 4203 tono
280 4148 365 4204 Codd.
385 4147 457 4213 tat..
474 4149 575 4219 berieu,
599 4151 697 4224 clypeo,
718 4149 802 4221 palen.
819 4147 928 4220 (Primae
976 4148 1075 4223 llymn.
1090 4152 1117 4208 7.
1133 4151 1167 4206 de
1184 4149 1307 4206 Coronis.
1331 4152 1396 4223 Ejus
1421 4164 1478 4208 ueta
1503 4157 1672 4225 reperiuntur
1693 4161 1762 4216 inter

94 4228 96 4243 ·
170 4227 216 4271 tare
236 4218 318 4289 nats.)
335 4219 509 4274 -Emendat
532 4223 632 4288 Brun..
654 4222 787 4290 quomodo
802 4223 926 4276 adnotari
977 4219 1044 4277 Acta
1067 4220 1170 4276 sincera
1199 4229 1356 4291 martyrum,
1392 4239 1451 4292 pap.
1477 4223 1540 4291 552,
1562 4229 1596 4281 ad
1629 4233 1759 4288 3115119.

171 4283 236 4352 apin
249 4291 331 4343 duob.
343 4288 428 4342 codd.
446 4288 517 4355 lat..
541 4289 642 4358 berica,
657 4295 756 4363 clypea,
775 4290 849 4362 palea
861 4309 871 4348 .·
884 4306 927 4348 se·
976 4289 1015 4346 De
1030 4290 1155 4359 llartyrio
1167 4290 1197 4346 S.
1211 4293 1312 4358 Quirini
1327 4294 1386 4350 side
1401 4306 1428 4351 ct
1438 4297 1549 4368 Gregor.
1564 4298 1665 4356 turon.
1677 4302 1723 4358 lib.
1740 4319 1759 4359 1.

170 4365 284 4428 oratque
301 4357 423 4414 ediderat
443 4359 469 4415 in
494 4374 605 4432 utraque
619 4363 685 4418 edit.
699 4361 840 4432 (Secundus
858 4368 927 4418 caria
976 4359 1076 4417 lliator.
1093 4361 1201 4426 Erana,
1215 4378 1273 4433 cap.
1291 4363 1335 4418 55.

94 4443 97 4492 i
170 4428 229 4497 m)
1012 4440 1026 4470 ¹
1044 4431 1164 4487 Privatus
1178 4435 1204 4488 in
1221 4431 1376 4490 Ganelitano
1390 4451 1436 4492 scu
1454 4435 1611 4498 Gabalitano
1625 4444 1760 4501 territorio

94 4503 97 4595 l

94 4644 98 4715 i

193 4491 276 4570 lbdit.
292 4498 373 4565 Ven„
387 4498 530 4555 resolidans
542 4502 623 4556 rnsait
637 4503 736 4558 mentis.
940 4497 971 4565 θ’
1014 4517 1073 4557 esua
1095 4501 1145 4556 sub
1158 4502 1297 4560 t'ateninnn
1311 4517 1339 4560 et
1361 4505 1482 4563 Galleno
1502 4509 1584 4579 impp.
1607 4516 1719 4571 refertur
1732 4520 1758 4572 in

143 4610 153 4632 ,
195 4566 278 4625 ¹llnus
296 4570 366 4626 coo.
379 4568 452 4635 lat,
466 4569 601 4627 Ballistam
609 4573 741 4644 jaculans.
762 4573 808 4630 Sic
820 4588 927 4646 quoquo
1006 4573 1117 4644 artyrol.
1132 4571 1208 4627 llorm
1222 4574 1308 4631 dieat
1331 4579 1450 4645 triginti.
1467 4579 1518 4633 atii
1541 4581 1643 4637 trraloot
1664 4586 1697 4641 ad
1711 4587 1762 4642 ini-

171 4628 217 4690 bbt.
231 4639 314 4694 Paris.
979 4644 1044 4699 tium
1059 4642 1149 4698 stecssli
1163 4659 1180 4696 r
1193 4642 1251 4714 ejus
1264 4656 1376 4701 mortem
1386 4662 1446 4701 cese
1457 4648 1622 4705 referendam
1637 4672 1644 4711 ;
1660 4656 1694 4711 de
1707 4672 1760 4728 qun

94 4740 99 4767 ·.
193 4703 264 4776 lun„
279 4709 424 4780 annatim.
978 4712 1107 4784 legendus
1128 4712 1234 4770 liliam.
1251 4716 1319 4771 llist.
1341 4717 1413 4771 Eccl.
1437 4726 1503 4773 tons.
1517 4719 1563 4776 11.
1578 4723 1658 4795 Grep.
1682 4728 1760 4794 Tiar..

173 4773 267 4893 cliii,
282 4778 514 4846 ffaddarercttlrn,
530 4790 558 4835 nt
572 4782 654 4839 refert
666 4784 753 4866 droa,
767 4784 925 4852 adinton,
979 4782 1026 4838 lib.
1041 4781 1144 4866 sllist..
1167 4799 1226 4867 cap.
1241 4787 1285 4850 51,
1303 4796 1392 4842 narrat
1414 4803 1475 4842 eunt
1502 4804 1608 4860 passum
1628 4795 1678 4852 sub
1697 4799 1760 4859 ste·

172 4849 283 4931 medana
296 4860 368 4919 apra.
386 4850 434 4932 Est
449 4865 513 4907 nero
528 4850 671 4907 Naddoaer
686 4856 816 4927 Etbiopia,
830 4857 926 4911 ciuitas
978 4867 1083 4909 mannus
1097 4869 1124 4907 un
1136 4854 1234 4910 Gallias
1248 4857 1466 4926 irrumpentibus.

114 4940 129 4989 ¹
170 4926 376 5059 filiiflii.
395 4921 926 5064 11111.111111111111111
977 4932 1031 5050 nl
1047 4923 1759 5064 111111111111131111111111

169 5047 266 5121 ἰ11111111
279 5075 287 5113 ι
918 5037 925 5061 ⁹
978 5065 1055 5120 dunt.
1069 5066 1146 5120 ioan.
1160 5009 1261 5120 sangro
1274 5037 1464 5138 corrigisnam]
1477 5020 1760 5131 reddenfflbstizrciffi

200 5168 755 5238 3333331333.133333
769 5184 848 5231 333·
976 5134 1395 5274 ilflttltftitlf'tf
1412 5142 1760 5274 tffdtifllililtir

167 5243 368 5325 lspsnlopost:
977 5277 1036 5331 loco
1057 5294 1063 5328 :
1082 5275 1133 5342 Qut
1155 5278 1236 5330 malta
1264 5281 1425 5333 scientiarum
1456 5282 1569 5335 abundat
1599 5287 1707 5354 talenta,
1732 5299 1760 5344 ut

198 5361 317 5419 aarum.
326 5367 601 5432 mppm,‚p„1,0,1m
616 5374 682 5424 „m
693 5375 793 5427 som„
976 5348 1058 5401 refert
1082 5347 1170 5428 licon.
1194 5349 1220 5401 in
1245 5351 1315 5403 notis
1337 5355 1370 5403 ad
1392 5353 1462 5405 ttuoc
1483 5353 1579 5407 locum.
1607 5356 1672 5410 leo.
1689 5360 1757 5416 Edit.

221 5426 659 5495 lit‚qneaaneqn0m1‚pumffl
672 5448 739 5502 pom
752 5416 832 5503 rogi„
978 5414 1074 5480 babet,
1093 5413 1227 5472 falsariam
1241 5421 1368 5474 droernas
1387 5421 1523 5475 cibandam
1538 5438 1548 5476 .·
1561 5439 1696 5495 corrupte.
1721 5430 1759 5486 De
1819 5469 1828 5478 .

187 5529 216 5584 p,
234 5532 397 5604 nicephorus
415 5537 461 5593 Hb·
478 5554 507 5603 ῃ,
520 5555 579 5609 ew·
595 5541 641 5604 Η.
668 5544 770 5601 ΜΗ
790 5550 880 5602 urbem
896 5549 922 5603 in
975 5483 1199 5628 blsnrffiissfyff
1215 5487 1339 5544 Ferreolo
1361 5490 1436 5560 liuns
1457 5489 1538 5563 (drop.
1556 5494 1633 5555 Tur..
1650 5500 1670 5553 l.
1693 5515 1710 5554 u
1726 5504 1760 5557 do

157 5610 200 5666 aas
216 5603 306 5659 asaro.
330 5621 424 5673 passm
447 5623 489 5663 ess
510 5625 571 5667 ease
600 5611 773 5683 llyrmenasu,
800 5619 826 5671 in
853 5629 922 5673 terra
1010 5625 1192 5682 alinusliod.
1209 5628 1279 5690 Vat..
1303 5629 1486 5699 Rommleets,
1503 5634 1574 5692 milri,
1591 5640 1661 5696 Edu.
1680 5643 1758 5708 11111..

154 5671 923 5824 111111111311111111111111111
975 5693 1486 5825 111111111111111
1513 5705 1571 5764 ‘'⁸'‘
1588 5709 1638 5771 Μ·
1662 5711 1759 5785 m·
