<?xml version="1.0" encoding="UTF-8"?>
<!DOCTYPE html PUBLIC "-//W3C//DTD XHTML 1.0 Transitional//EN"
    "http://www.w3.org/TR/xhtml1/DTD/xhtml1-transitional.dtd">
<html xmlns="http://www.w3.org/1999/xhtml" xml:lang="en" lang="en">
 <head>
  <title>
</title>
<meta http-equiv="Content-Type" content="text/html;charset=utf-8" />
  <meta name='ocr-system' content='tesseract 3.04.00' />
  <meta name='ocr-capabilities' content='ocr_page ocr_carea ocr_par ocr_line ocrx_word'/>
</head>
<body>
  <div class='ocr_page' id='page_1' title='image "./patrologiaecurs26unkngoog/patrologiaecurs26unkngoog_0088.png"; bbox 0 0 3810 6128; ppageno 0'>
   <div class='ocr_carea' id='block_1_1' title="bbox 96 312 150 369">
    <p class='ocr_par' dir='ltr' id='par_1_1' title="bbox 96 312 150 369">
     <span class='ocr_line' id='line_1_1' title="bbox 96 312 150 369; baseline 0.019 -1"><span class='ocrx_word' id='word_1_1' title='bbox 96 312 150 369; x_wconf 70' lang='lat' dir='ltr'><strong>iss</strong></span> 
     </span>
    </p>
   </div>
   <div class='ocr_carea' id='block_1_2' title="bbox 35 420 891 1135">
    <p class='ocr_par' dir='ltr' id='par_1_2' title="bbox 93 420 748 586">
     <span class='ocr_line' id='line_1_2' title="bbox 93 420 694 497; baseline -0.008 -18"><span class='ocrx_word' id='word_1_2' title='bbox 93 424 155 497; x_wconf 81' lang='lat' dir='ltr'><strong>lpse</strong></span> <span class='ocrx_word' id='word_1_3' title='bbox 167 424 315 481; x_wconf 73' lang='lat' dir='ltr'>Palatinam</span> <span class='ocrx_word' id='word_1_4' title='bbox 331 422 399 478; x_wconf 84' lang='lat' dir='ltr'><strong>rexit</strong></span> <span class='ocrx_word' id='word_1_5' title='bbox 412 421 576 477; x_wconf 66' lang='lat' dir='ltr'><strong>ntomratiua</strong></span> <span class='ocrx_word' id='word_1_6' title='bbox 591 420 694 489; x_wconf 82' lang='lat' dir='ltr'><strong>auiam,</strong></span> 
     </span>
     <span class='ocr_line' id='line_1_3' title="bbox 127 513 748 586; baseline -0.003 -14"><span class='ocrx_word' id='word_1_7' title='bbox 127 516 341 586; x_wconf 75' lang='lat' dir='ltr'><strong>conmissatgne</strong></span> <span class='ocrx_word' id='word_1_8' title='bbox 350 514 447 570; x_wconf 90' lang='lat' dir='ltr'><strong>domus</strong></span> <span class='ocrx_word' id='word_1_9' title='bbox 457 528 582 570; x_wconf 86' lang='lat' dir='ltr'><strong>crescere</strong></span> <span class='ocrx_word' id='word_1_10' title='bbox 595 513 658 571; x_wconf 85' lang='lat' dir='ltr'><strong>lecit</strong></span> <span class='ocrx_word' id='word_1_11' title='bbox 673 526 748 583; x_wconf 84' lang='lat' dir='ltr'><strong>apsa.</strong></span> 
     </span>
    </p>

    <p class='ocr_par' dir='ltr' id='par_1_3' title="bbox 94 606 802 771">
     <span class='ocr_line' id='line_1_4' title="bbox 94 606 802 682; baseline -0.007 -17"><span class='ocrx_word' id='word_1_12' title='bbox 94 609 240 682; x_wconf 68' lang='lat' dir='ltr'><strong>Presbyter</strong></span> <span class='ocrx_word' id='word_1_13' title='bbox 255 609 318 663; x_wconf 87' lang='lat' dir='ltr'><strong>inde</strong></span> <span class='ocrx_word' id='word_1_14' title='bbox 332 621 410 662; x_wconf 86' lang='lat' dir='ltr'><strong>sacer</strong></span> <span class='ocrx_word' id='word_1_15' title='bbox 423 609 522 662; x_wconf 89' lang='lat' dir='ltr'><strong>mansit</strong></span> <span class='ocrx_word' id='word_1_16' title='bbox 533 606 694 663; x_wconf 82' lang='lat' dir='ltr'><strong>venerabilis</strong></span> <span class='ocrx_word' id='word_1_17' title='bbox 707 607 765 663; x_wconf 86' lang='lat' dir='ltr'><strong>orbi</strong></span> <span class='ocrx_word' id='word_1_18' title='bbox 776 614 802 660; x_wconf 78' lang='lat'><strong>⁸.</strong></span> 
     </span>
     <span class='ocr_line' id='line_1_5' title="bbox 127 695 607 771; baseline -0.019 -13"><span class='ocrx_word' id='word_1_19' title='bbox 127 701 300 771; x_wconf 80' lang='lat' dir='ltr'><strong>Semitioque</strong></span> <span class='ocrx_word' id='word_1_20' title='bbox 312 700 370 763; x_wconf 83' lang='lat' dir='ltr'><strong>ilci,</strong></span> <span class='ocrx_word' id='word_1_21' title='bbox 386 699 470 756; x_wconf 84' lang='lat' dir='ltr'><strong>libera</strong></span> <span class='ocrx_word' id='word_1_22' title='bbox 482 699 535 753; x_wconf 83' lang='lat' dir='ltr'><strong>vita</strong></span> <span class='ocrx_word' id='word_1_23' title='bbox 546 695 607 754; x_wconf 85' lang='lat' dir='ltr'><strong>luit.</strong></span> 
     </span>
    </p>

    <p class='ocr_par' dir='ltr' id='par_1_4' title="bbox 35 789 756 951">
     <span class='ocr_line' id='line_1_6' title="bbox 35 789 756 863; baseline -0.004 -16"><span class='ocrx_word' id='word_1_24' title='bbox 35 818 41 827; x_wconf 95' lang='lat'>·</span> <span class='ocrx_word' id='word_1_25' title='bbox 93 793 238 863; x_wconf 78' lang='lat' dir='ltr'><strong>Orpbanua</strong></span> <span class='ocrx_word' id='word_1_26' title='bbox 249 792 293 846; x_wconf 90' lang='lat' dir='ltr'><strong>bic</strong></span> <span class='ocrx_word' id='word_1_27' title='bbox 306 800 422 863; x_wconf 84' lang='lat' dir='ltr'><strong>patrem,</strong></span> <span class='ocrx_word' id='word_1_28' title='bbox 437 791 522 845; x_wconf 80' lang='lat' dir='ltr'><strong>ridde</strong></span> <span class='ocrx_word' id='word_1_29' title='bbox 535 790 632 846; x_wconf 86' lang='lat' dir='ltr'><strong>solatia</strong></span> <span class='ocrx_word' id='word_1_30' title='bbox 646 789 756 857; x_wconf 82' lang='lat' dir='ltr'><strong>delient,</strong></span> 
     </span>
     <span class='ocr_line' id='line_1_7' title="bbox 132 880 684 951; baseline -0.005 -12"><span class='ocrx_word' id='word_1_31' title='bbox 132 882 211 940; x_wconf 84' lang='lat' dir='ltr'>Unde</span> <span class='ocrx_word' id='word_1_32' title='bbox 225 882 310 951; x_wconf 85' lang='lat' dir='ltr'><strong>magis</strong></span> <span class='ocrx_word' id='word_1_33' title='bbox 324 881 400 938; x_wconf 82' lang='lat' dir='ltr'><strong>ctnlis</strong></span> <span class='ocrx_word' id='word_1_34' title='bbox 411 880 508 951; x_wconf 86' lang='lat' dir='ltr'><strong>gaudia</strong></span> <span class='ocrx_word' id='word_1_35' title='bbox 522 895 585 937; x_wconf 82' lang='lat' dir='ltr'><strong>tera</strong></span> <span class='ocrx_word' id='word_1_36' title='bbox 601 890 684 937; x_wconf 90' lang='lat' dir='ltr'><strong>tenet.</strong></span> 
     </span>
    </p>

    <p class='ocr_par' dir='ltr' id='par_1_5' title="bbox 94 971 891 1135">
     <span class='ocr_line' id='line_1_8' title="bbox 94 971 891 1044; baseline 0.001 -17"><span class='ocrx_word' id='word_1_37' title='bbox 94 973 253 1029; x_wconf 84' lang='lat' dir='ltr'><strong>Pantilicem</strong></span> <span class='ocrx_word' id='word_1_38' title='bbox 268 971 282 1012; x_wconf 69' lang='lat' dir='ltr'><strong>b</strong></span> <span class='ocrx_word' id='word_1_39' title='bbox 296 974 415 1044; x_wconf 87' lang='lat' dir='ltr'><strong>genitum</strong></span> <span class='ocrx_word' id='word_1_40' title='bbox 440 974 511 1031; x_wconf 87' lang='lat' dir='ltr'><strong>ridet</strong></span> <span class='ocrx_word' id='word_1_41' title='bbox 527 973 590 1030; x_wconf 89' lang='lat' dir='ltr'><strong>iinc</strong></span> <span class='ocrx_word' id='word_1_42' title='bbox 607 974 641 1029; x_wconf 88' lang='lat' dir='ltr'><strong>de</strong></span> <span class='ocrx_word' id='word_1_43' title='bbox 655 989 766 1030; x_wconf 80' lang='lat' dir='ltr'><strong>intinere</strong></span> <span class='ocrx_word' id='word_1_44' title='bbox 780 975 891 1043; x_wconf 71' lang='lat' dir='ltr'><strong>elisisti,</strong></span> 
     </span>
     <span class='ocr_line' id='line_1_9' title="bbox 129 1062 810 1135; baseline 0.003 -18"><span class='ocrx_word' id='word_1_45' title='bbox 129 1063 235 1134; x_wconf 88' lang='lat' dir='ltr'><strong>llaptos</strong></span> <span class='ocrx_word' id='word_1_46' title='bbox 248 1062 284 1118; x_wconf 91' lang='lat' dir='ltr'><strong>ab</strong></span> <span class='ocrx_word' id='word_1_47' title='bbox 298 1062 365 1121; x_wconf 88' lang='lat' dir='ltr'><strong>orbe</strong></span> <span class='ocrx_word' id='word_1_48' title='bbox 374 1063 494 1135; x_wconf 86' lang='lat' dir='ltr'><strong>qttidem,</strong></span> <span class='ocrx_word' id='word_1_49' title='bbox 509 1063 588 1121; x_wconf 77' lang='lat' dir='ltr'><strong>ictus</strong></span> <span class='ocrx_word' id='word_1_50' title='bbox 601 1064 635 1120; x_wconf 89' lang='lat' dir='ltr'><strong>ad</strong></span> <span class='ocrx_word' id='word_1_51' title='bbox 646 1074 718 1120; x_wconf 84' lang='lat' dir='ltr'><strong>astra</strong></span> <span class='ocrx_word' id='word_1_52' title='bbox 731 1065 810 1120; x_wconf 89' lang='lat' dir='ltr'><strong>redit.</strong></span> 
     </span>
    </p>
   </div>
   <div class='ocr_carea' id='block_1_3' title="bbox 93 1175 892 3076">
    <p class='ocr_par' dir='ltr' id='par_1_6' title="bbox 93 1175 892 3076">
     <span class='ocr_line' id='line_1_10' title="bbox 396 1175 593 1234; baseline -0.015 0"><span class='ocrx_word' id='word_1_53' title='bbox 396 1175 511 1234; x_wconf 79' lang='lat' dir='ltr'><strong>catus</strong></span> <span class='ocrx_word' id='word_1_54' title='bbox 523 1176 593 1233; x_wconf 73' lang='lat' dir='ltr'><strong>xli.</strong></span> 
     </span>
     <span class='ocr_line' id='line_1_11' title="bbox 314 1266 677 1341; baseline -0.003 -18"><span class='ocrx_word' id='word_1_55' title='bbox 314 1266 479 1341; x_wconf 71' lang='lat' dir='ltr'><strong>Epitaphium</strong></span> <span class='ocrx_word' id='word_1_56' title='bbox 495 1280 506 1308; x_wconf 60' lang='grc' dir='ltr'>ι</span> <span class='ocrx_word' id='word_1_57' title='bbox 521 1266 677 1324; x_wconf 69' lang='lat' dir='ltr'><strong>Praetulit.</strong></span> 
     </span>
     <span class='ocr_line' id='line_1_12' title="bbox 96 1376 892 1453; baseline 0 -19"><span class='ocrx_word' id='word_1_58' title='bbox 96 1378 271 1453; x_wconf 71' lang='lat' dir='ltr'><strong>[Praesidium</strong></span> <span class='ocrx_word' id='word_1_59' title='bbox 284 1379 421 1442; x_wconf 89' lang='lat' dir='ltr'><strong>abbatem,</strong></span> <span class='ocrx_word' id='word_1_60' title='bbox 435 1380 471 1433; x_wconf 89' lang='lat' dir='ltr'><strong>nb</strong></span> <span class='ocrx_word' id='word_1_61' title='bbox 484 1379 614 1433; x_wconf 74' lang='lat' dir='ltr'><strong>doctrinae</strong></span> <span class='ocrx_word' id='word_1_62' title='bbox 628 1376 808 1441; x_wconf 69' lang='lat' dir='ltr'><strong>sanctitatem,</strong></span> <span class='ocrx_word' id='word_1_63' title='bbox 824 1389 851 1435; x_wconf 87' lang='lat' dir='ltr'><strong>el</strong></span> <span class='ocrx_word' id='word_1_64' title='bbox 866 1379 892 1434; x_wconf 89' lang='lat' dir='ltr'><strong>in</strong></span> 
     </span>
     <span class='ocr_line' id='line_1_13' title="bbox 130 1449 892 1531; baseline 0 -27"><span class='ocrx_word' id='word_1_65' title='bbox 130 1464 216 1531; x_wconf 88' lang='lat' dir='ltr'><strong>grege</strong></span> <span class='ocrx_word' id='word_1_66' title='bbox 233 1464 284 1504; x_wconf 81' lang='lat' dir='ltr'><strong>san</strong></span> <span class='ocrx_word' id='word_1_67' title='bbox 305 1450 424 1503; x_wconf 76' lang='lat' dir='ltr'><strong>tutando</strong></span> <span class='ocrx_word' id='word_1_68' title='bbox 442 1449 607 1521; x_wconf 67' lang='lat' dir='ltr'><strong>diligentiam</strong></span> <span class='ocrx_word' id='word_1_69' title='bbox 630 1462 663 1504; x_wconf 85' lang='lat' dir='ltr'><strong>ac</strong></span> <span class='ocrx_word' id='word_1_70' title='bbox 683 1449 892 1506; x_wconf 86' lang='lat' dir='ltr'><strong>sollicitudinem</strong></span> 
     </span>
     <span class='ocr_line' id='line_1_14' title="bbox 130 1521 529 1589; baseline 0.005 -18"><span class='ocrx_word' id='word_1_71' title='bbox 130 1536 190 1589; x_wconf 79' lang='lat' dir='ltr'><strong>gam</strong></span> <span class='ocrx_word' id='word_1_72' title='bbox 204 1529 339 1574; x_wconf 87' lang='lat' dir='ltr'><strong>mortuum</strong></span> <span class='ocrx_word' id='word_1_73' title='bbox 350 1521 529 1573; x_wconf 76' lang='lat' dir='ltr'><strong>commendat.</strong></span> 
     </span>
     <span class='ocr_line' id='line_1_15' title="bbox 96 1630 843 1704; baseline 0.008 -21"><span class='ocrx_word' id='word_1_74' title='bbox 96 1630 159 1685; x_wconf 77' lang='lat' dir='ltr'><strong>lita</strong></span> <span class='ocrx_word' id='word_1_75' title='bbox 175 1631 265 1687; x_wconf 82' lang='lat' dir='ltr'><strong>breris</strong></span> <span class='ocrx_word' id='word_1_76' title='bbox 275 1631 427 1698; x_wconf 87' lang='lat' dir='ltr'><strong>bominum,</strong></span> <span class='ocrx_word' id='word_1_77' title='bbox 441 1632 488 1686; x_wconf 80' lang='lat' dir='ltr'><strong>sed</strong></span> <span class='ocrx_word' id='word_1_78' title='bbox 502 1646 555 1688; x_wconf 92' lang='lat' dir='ltr'><strong>oon</strong></span> <span class='ocrx_word' id='word_1_79' title='bbox 569 1632 657 1688; x_wconf 77' lang='lat' dir='ltr'><strong>laceris</strong></span> <span class='ocrx_word' id='word_1_80' title='bbox 668 1633 712 1688; x_wconf 89' lang='lat' dir='ltr'><strong>illa</strong></span> <span class='ocrx_word' id='word_1_81' title='bbox 726 1634 843 1704; x_wconf 89' lang='lat' dir='ltr'><strong>piorum,</strong></span> 
     </span>
     <span class='ocr_line' id='line_1_16' title="bbox 133 1722 698 1796; baseline 0.007 -19"><span class='ocrx_word' id='word_1_82' title='bbox 133 1722 202 1777; x_wconf 81' lang='lat' dir='ltr'><strong>uun</strong></span> <span class='ocrx_word' id='word_1_83' title='bbox 217 1725 348 1794; x_wconf 74' lang='lat' dir='ltr'><strong>migrante</strong></span> <span class='ocrx_word' id='word_1_84' title='bbox 360 1725 406 1779; x_wconf 89' lang='lat' dir='ltr'><strong>die</strong></span> <span class='ocrx_word' id='word_1_85' title='bbox 417 1725 585 1796; x_wconf 72' lang='lat' dir='ltr'><strong>prosperiora</strong></span> <span class='ocrx_word' id='word_1_86' title='bbox 596 1735 698 1782; x_wconf 83' lang='lat' dir='ltr'><strong>tcticnt.</strong></span> 
     </span>
     <span class='ocr_line' id='line_1_17' title="bbox 94 1812 769 1886; baseline 0.01 -19"><span class='ocrx_word' id='word_1_87' title='bbox 94 1812 147 1881; x_wconf 78' lang='lat' dir='ltr'><strong>Qui</strong></span> <span class='ocrx_word' id='word_1_88' title='bbox 163 1830 287 1872; x_wconf 79' lang='lat' dir='ltr'><strong>meruere</strong></span> <span class='ocrx_word' id='word_1_89' title='bbox 297 1815 383 1886; x_wconf 80' lang='lat' dir='ltr'><strong>magis</strong></span> <span class='ocrx_word' id='word_1_90' title='bbox 393 1816 428 1873; x_wconf 79' lang='lat' dir='ltr'><strong>de</strong></span> <span class='ocrx_word' id='word_1_91' title='bbox 440 1831 549 1874; x_wconf 68' lang='lat' dir='ltr'><strong>mttere</strong></span> <span class='ocrx_word' id='word_1_92' title='bbox 563 1819 653 1873; x_wconf 88' lang='lat' dir='ltr'><strong>earnis</strong></span> <span class='ocrx_word' id='word_1_93' title='bbox 663 1827 769 1886; x_wconf 86' lang='lat' dir='ltr'><strong>ettttles,</strong></span> 
     </span>
     <span class='ocr_line' id='line_1_18' title="bbox 132 1906 738 1979; baseline 0.008 -18"><span class='ocrx_word' id='word_1_94' title='bbox 132 1906 197 1963; x_wconf 81' lang='lat' dir='ltr'><strong>uon</strong></span> <span class='ocrx_word' id='word_1_95' title='bbox 211 1908 337 1965; x_wconf 83' lang='lat' dir='ltr'><strong>tenebras</strong></span> <span class='ocrx_word' id='word_1_96' title='bbox 350 1908 453 1974; x_wconf 90' lang='lat' dir='ltr'><strong>mundi,</strong></span> <span class='ocrx_word' id='word_1_97' title='bbox 468 1908 528 1966; x_wconf 89' lang='lat' dir='ltr'><strong>luce</strong></span> <span class='ocrx_word' id='word_1_98' title='bbox 541 1925 660 1979; x_wconf 87' lang='lat' dir='ltr'><strong>perennc</strong></span> <span class='ocrx_word' id='word_1_99' title='bbox 675 1910 738 1965; x_wconf 83' lang='lat' dir='ltr'><strong>triti.</strong></span> 
     </span>
     <span class='ocr_line' id='line_1_19' title="bbox 93 1997 818 2070; baseline 0 -16"><span class='ocrx_word' id='word_1_100' title='bbox 93 1997 135 2055; x_wconf 74' lang='lat' dir='ltr'><strong>Er</strong></span> <span class='ocrx_word' id='word_1_101' title='bbox 149 2001 246 2070; x_wconf 81' lang='lat' dir='ltr'><strong>quibua</strong></span> <span class='ocrx_word' id='word_1_102' title='bbox 256 2002 301 2057; x_wconf 90' lang='lat' dir='ltr'><strong>bic</strong></span> <span class='ocrx_word' id='word_1_103' title='bbox 311 2002 444 2059; x_wconf 85' lang='lat' dir='ltr'><strong>recubans</strong></span> <span class='ocrx_word' id='word_1_104' title='bbox 455 2002 558 2059; x_wconf 86' lang='lat' dir='ltr'><strong>meritis</strong></span> <span class='ocrx_word' id='word_1_105' title='bbox 572 2002 718 2059; x_wconf 72' lang='lat' dir='ltr'><strong>Presidius</strong></span> <span class='ocrx_word' id='word_1_106' title='bbox 729 2002 818 2068; x_wconf 69' lang='lat' dir='ltr'><strong>almis,</strong></span> 
     </span>
     <span class='ocr_line' id='line_1_20' title="bbox 130 2090 806 2165; baseline 0.007 -21"><span class='ocrx_word' id='word_1_107' title='bbox 130 2090 219 2147; x_wconf 76' lang='lat' dir='ltr'><strong>Carae</strong></span> <span class='ocrx_word' id='word_1_108' title='bbox 229 2101 304 2148; x_wconf 85' lang='lat' dir='ltr'><strong>tenet</strong></span> <span class='ocrx_word' id='word_1_109' title='bbox 315 2093 457 2161; x_wconf 81' lang='lat' dir='ltr'><strong>minelum,</strong></span> <span class='ocrx_word' id='word_1_110' title='bbox 472 2092 584 2164; x_wconf 87' lang='lat' dir='ltr'><strong>spiritns</strong></span> <span class='ocrx_word' id='word_1_111' title='bbox 600 2101 613 2130; x_wconf 84' lang='lat'><em>⁰</em></span> <span class='ocrx_word' id='word_1_112' title='bbox 627 2094 688 2165; x_wconf 84' lang='lat' dir='ltr'><strong>igne</strong></span> <span class='ocrx_word' id='word_1_113' title='bbox 704 2094 806 2162; x_wconf 85' lang='lat' dir='ltr'><strong>palent.</strong></span> 
     </span>
     <span class='ocr_line' id='line_1_21' title="bbox 96 2179 771 2255; baseline 0.009 -22"><span class='ocrx_word' id='word_1_114' title='bbox 96 2179 208 2235; x_wconf 77' lang='lat' dir='ltr'><strong>Pectore</strong></span> <span class='ocrx_word' id='word_1_115' title='bbox 217 2181 253 2236; x_wconf 89' lang='lat' dir='ltr'><strong>de</strong></span> <span class='ocrx_word' id='word_1_116' title='bbox 269 2184 378 2251; x_wconf 89' lang='lat' dir='ltr'><strong>proprio</strong></span> <span class='ocrx_word' id='word_1_117' title='bbox 392 2184 491 2239; x_wconf 77' lang='lat' dir='ltr'><strong>ebriati</strong></span> <span class='ocrx_word' id='word_1_118' title='bbox 505 2199 634 2253; x_wconf 87' lang='lat' dir='ltr'><strong>respousa</strong></span> <span class='ocrx_word' id='word_1_119' title='bbox 650 2184 771 2255; x_wconf 85' lang='lat' dir='ltr'><strong>rigando,</strong></span> 
     </span>
     <span class='ocr_line' id='line_1_22' title="bbox 131 2273 728 2331; baseline 0.002 -3"><span class='ocrx_word' id='word_1_120' title='bbox 131 2273 274 2329; x_wconf 85' lang='lat' dir='ltr'><strong>ilultontm</strong></span> <span class='ocrx_word' id='word_1_121' title='bbox 288 2275 417 2331; x_wconf 86' lang='lat' dir='ltr'><strong>eratinrit</strong></span> <span class='ocrx_word' id='word_1_122' title='bbox 431 2275 506 2331; x_wconf 85' lang='lat' dir='ltr'><strong>tonte</strong></span> <span class='ocrx_word' id='word_1_123' title='bbox 528 2274 629 2330; x_wconf 84' lang='lat' dir='ltr'><strong>tinente</strong></span> <span class='ocrx_word' id='word_1_124' title='bbox 644 2274 728 2329; x_wconf 86' lang='lat' dir='ltr'><strong>sitim.</strong></span> 
     </span>
     <span class='ocr_line' id='line_1_23' title="bbox 97 2364 713 2437; baseline 0.002 -16"><span class='ocrx_word' id='word_1_125' title='bbox 97 2364 214 2421; x_wconf 77' lang='lat' dir='ltr'><strong>haitans</strong></span> <span class='ocrx_word' id='word_1_126' title='bbox 229 2365 362 2423; x_wconf 85' lang='lat' dir='ltr'><strong>instanter</strong></span> <span class='ocrx_word' id='word_1_127' title='bbox 373 2382 441 2423; x_wconf 82' lang='lat' dir='ltr'><strong>ares</strong></span> <span class='ocrx_word' id='word_1_128' title='bbox 454 2366 488 2422; x_wconf 86' lang='lat' dir='ltr'><strong>ad</strong></span> <span class='ocrx_word' id='word_1_129' title='bbox 509 2382 606 2437; x_wconf 88' lang='lat' dir='ltr'><strong>pascua</strong></span> <span class='ocrx_word' id='word_1_130' title='bbox 622 2366 713 2437; x_wconf 81' lang='lat' dir='ltr'><strong>liegis,</strong></span> 
     </span>
     <span class='ocr_line' id='line_1_24' title="bbox 132 2456 703 2513; baseline 0.002 -3"><span class='ocrx_word' id='word_1_131' title='bbox 132 2456 274 2511; x_wconf 72' lang='lat' dir='ltr'><strong>Distribuit</strong></span> <span class='ocrx_word' id='word_1_132' title='bbox 284 2459 389 2513; x_wconf 71' lang='lat' dir='ltr'><strong>domem</strong></span> <span class='ocrx_word' id='word_1_133' title='bbox 404 2457 531 2512; x_wconf 85' lang='lat' dir='ltr'><strong>tratriims</strong></span> <span class='ocrx_word' id='word_1_134' title='bbox 543 2472 592 2512; x_wconf 90' lang='lat' dir='ltr'><strong>ore</strong></span> <span class='ocrx_word' id='word_1_135' title='bbox 605 2459 703 2512; x_wconf 88' lang='lat' dir='ltr'><strong>salem.</strong></span> 
     </span>
     <span class='ocr_line' id='line_1_25' title="bbox 96 2544 837 2618; baseline 0.012 -20"><span class='ocrx_word' id='word_1_136' title='bbox 96 2544 163 2600; x_wconf 71' lang='lat' dir='ltr'><strong>Nam</strong></span> <span class='ocrx_word' id='word_1_137' title='bbox 173 2548 280 2616; x_wconf 74' lang='lat' dir='ltr'><strong>quoties</strong></span> <span class='ocrx_word' id='word_1_138' title='bbox 296 2549 444 2603; x_wconf 79' lang='lat' dir='ltr'><strong>monachus</strong></span> <span class='ocrx_word' id='word_1_139' title='bbox 457 2549 560 2617; x_wconf 86' lang='lat' dir='ltr'><strong>peccati</strong></span> <span class='ocrx_word' id='word_1_140' title='bbox 575 2557 618 2604; x_wconf 88' lang='lat' dir='ltr'><strong>ert</strong></span> <span class='ocrx_word' id='word_1_141' title='bbox 632 2548 743 2606; x_wconf 86' lang='lat' dir='ltr'><strong>vulnere</strong></span> <span class='ocrx_word' id='word_1_142' title='bbox 758 2550 837 2618; x_wconf 81' lang='lat' dir='ltr'><strong>lans,</strong></span> 
     </span>
     <span class='ocr_line' id='line_1_26' title="bbox 133 2636 732 2697; baseline 0.007 -5"><span class='ocrx_word' id='word_1_143' title='bbox 133 2636 227 2693; x_wconf 66' lang='lat' dir='ltr'><strong>Nissos</strong></span> <span class='ocrx_word' id='word_1_144' title='bbox 241 2639 274 2692; x_wconf 91' lang='lat' dir='ltr'><strong>ad</strong></span> <span class='ocrx_word' id='word_1_145' title='bbox 295 2638 426 2694; x_wconf 86' lang='lat' dir='ltr'><strong>artilicem</strong></span> <span class='ocrx_word' id='word_1_146' title='bbox 442 2637 452 2679; x_wconf 77' lang='lat'><strong><em>¹</em></strong></span> <span class='ocrx_word' id='word_1_147' title='bbox 468 2649 542 2695; x_wconf 86' lang='lat' dir='ltr'><strong>certa</strong></span> <span class='ocrx_word' id='word_1_148' title='bbox 554 2641 658 2697; x_wconf 86' lang='lat' dir='ltr'><strong>medela</strong></span> <span class='ocrx_word' id='word_1_149' title='bbox 673 2640 732 2696; x_wconf 86' lang='lat' dir='ltr'><strong>luit.</strong></span> 
     </span>
     <span class='ocr_line' id='line_1_27' title="bbox 101 2726 863 2804; baseline 0.008 -21"><span class='ocrx_word' id='word_1_150' title='bbox 101 2726 155 2783; x_wconf 85' lang='lat' dir='ltr'><strong>ibat</strong></span> <span class='ocrx_word' id='word_1_151' title='bbox 166 2729 198 2782; x_wconf 88' lang='lat' dir='ltr'><strong>ad</strong></span> <span class='ocrx_word' id='word_1_152' title='bbox 208 2728 336 2784; x_wconf 84' lang='lat' dir='ltr'><strong>abbatem</strong></span> <span class='ocrx_word' id='word_1_153' title='bbox 350 2728 492 2796; x_wconf 68' lang='lat' dir='ltr'><strong>tumulans,</strong></span> <span class='ocrx_word' id='word_1_154' title='bbox 509 2741 684 2804; x_wconf 84' lang='lat' dir='ltr'><strong>sanctumque</strong></span> <span class='ocrx_word' id='word_1_155' title='bbox 696 2732 863 2802; x_wconf 85' lang='lat' dir='ltr'><strong>magistrum,</strong></span> 
     </span>
     <span class='ocr_line' id='line_1_28' title="bbox 138 2820 745 2893; baseline 0.007 -19"><span class='ocrx_word' id='word_1_156' title='bbox 138 2820 290 2890; x_wconf 84' lang='lat' dir='ltr'><strong>[tiseipulus</strong></span> <span class='ocrx_word' id='word_1_157' title='bbox 300 2820 419 2889; x_wconf 78' lang='lat' dir='ltr'><strong>bomilia,</strong></span> <span class='ocrx_word' id='word_1_158' title='bbox 431 2823 475 2893; x_wconf 84' lang='lat' dir='ltr'><strong>qui</strong></span> <span class='ocrx_word' id='word_1_159' title='bbox 488 2820 539 2878; x_wconf 88' lang='lat' dir='ltr'><strong>tuit</strong></span> <span class='ocrx_word' id='word_1_160' title='bbox 553 2833 615 2879; x_wconf 83' lang='lat' dir='ltr'><strong>aitte</strong></span> <span class='ocrx_word' id='word_1_161' title='bbox 630 2831 745 2879; x_wconf 86' lang='lat' dir='ltr'><strong>tumens.</strong></span> 
     </span>
     <span class='ocr_line' id='line_1_29' title="bbox 99 2911 710 2991; baseline 0 -22"><span class='ocrx_word' id='word_1_162' title='bbox 99 2911 210 2969; x_wconf 77' lang='lat' dir='ltr'><strong>Talibus</strong></span> <span class='ocrx_word' id='word_1_163' title='bbox 222 2912 320 2969; x_wconf 87' lang='lat' dir='ltr'><strong>ultiniis</strong></span> <span class='ocrx_word' id='word_1_164' title='bbox 332 2914 451 2969; x_wconf 89' lang='lat' dir='ltr'><strong>intentus</strong></span> <span class='ocrx_word' id='word_1_165' title='bbox 461 2929 554 2991; x_wconf 71' lang='lat' dir='ltr'><strong>amore</strong></span> <span class='ocrx_word' id='word_1_166' title='bbox 567 2914 710 2981; x_wconf 83' lang='lat' dir='ltr'><strong>Tonantis,</strong></span> 
     </span>
     <span class='ocr_line' id='line_1_30' title="bbox 136 3003 771 3076; baseline 0.005 -17"><span class='ocrx_word' id='word_1_167' title='bbox 136 3004 207 3060; x_wconf 84' lang='lat' dir='ltr'><strong>luter</strong></span> <span class='ocrx_word' id='word_1_168' title='bbox 218 3013 247 3061; x_wconf 88' lang='lat' dir='ltr'><strong>et</strong></span> <span class='ocrx_word' id='word_1_169' title='bbox 259 3003 404 3076; x_wconf 70' lang='lat' dir='ltr'><strong>angelicos</strong></span> <span class='ocrx_word' id='word_1_170' title='bbox 420 3013 433 3053; x_wconf 81' lang='lat' dir='ltr'><strong>t</strong></span> <span class='ocrx_word' id='word_1_171' title='bbox 447 3004 531 3076; x_wconf 88' lang='lat' dir='ltr'><strong>lulgct</strong></span> <span class='ocrx_word' id='word_1_172' title='bbox 544 3004 647 3062; x_wconf 89' lang='lat' dir='ltr'><strong>bonore</strong></span> <span class='ocrx_word' id='word_1_173' title='bbox 661 3005 771 3063; x_wconf 85' lang='lat' dir='ltr'><strong>cboroa.</strong></span> 
     </span>
    </p>
   </div>
   <div class='ocr_carea' id='block_1_4' title="bbox 283 3138 717 3301">
    <p class='ocr_par' dir='ltr' id='par_1_7' title="bbox 283 3138 717 3301">
     <span class='ocr_line' id='line_1_31' title="bbox 409 3138 591 3198; baseline 0.011 -3"><span class='ocrx_word' id='word_1_174' title='bbox 409 3138 522 3196; x_wconf 80' lang='lat' dir='ltr'><strong>estut</strong></span> <span class='ocrx_word' id='word_1_175' title='bbox 532 3138 591 3198; x_wconf 84' lang='lat' dir='ltr'><strong>tlt.</strong></span> 
     </span>
     <span class='ocr_line' id='line_1_32' title="bbox 283 3227 717 3301; baseline 0.009 -18"><span class='ocrx_word' id='word_1_176' title='bbox 283 3227 453 3301; x_wconf 70' lang='lat' dir='ltr'><strong>Epitaphium</strong></span> <span class='ocrx_word' id='word_1_177' title='bbox 467 3228 591 3287; x_wconf 85' lang='lat' dir='ltr'><strong>Baboieni</strong></span> <span class='ocrx_word' id='word_1_178' title='bbox 604 3231 717 3287; x_wconf 75' lang='lat' dir='ltr'><strong>diacum.</strong></span> 
     </span>
    </p>
   </div>
   <div class='ocr_carea' id='block_1_5' title="bbox 100 3342 896 3417">
    <p class='ocr_par' dir='ltr' id='par_1_8' title="bbox 100 3342 896 3417">
     <span class='ocr_line' id='line_1_33' title="bbox 100 3342 896 3417; baseline 0.003 -18"><span class='ocrx_word' id='word_1_179' title='bbox 100 3343 277 3417; x_wconf 72' lang='lat' dir='ltr'><strong>lbibolenum</strong></span> <span class='ocrx_word' id='word_1_180' title='bbox 290 3343 513 3411; x_wconf 85' lang='lat' dir='ltr'><strong>diaconum,dum</strong></span> <span class='ocrx_word' id='word_1_181' title='bbox 524 3358 620 3401; x_wconf 83' lang='lat' dir='ltr'><strong>sanine</strong></span> <span class='ocrx_word' id='word_1_182' title='bbox 628 3344 758 3412; x_wconf 86' lang='lat' dir='ltr'><strong>indulget,</strong></span> <span class='ocrx_word' id='word_1_183' title='bbox 771 3359 786 3399; x_wconf 90' lang='lat' dir='ltr'><strong>n</strong></span> <span class='ocrx_word' id='word_1_184' title='bbox 797 3342 896 3401; x_wconf 88' lang='lat' dir='ltr'><strong>alcario</strong></span> 
     </span>
    </p>
   </div>
   <div class='ocr_carea' id='block_1_6' title="bbox 181 3412 809 3487">
    <p class='ocr_par' dir='ltr' id='par_1_9' title="bbox 181 3412 809 3487">
     <span class='ocr_line' id='line_1_34' title="bbox 181 3412 809 3487; baseline 0.002 -18"><span class='ocrx_word' id='word_1_185' title='bbox 181 3417 233 3469; x_wconf 88' lang='lat' dir='ltr'><strong>icto</strong></span> <span class='ocrx_word' id='word_1_186' title='bbox 246 3414 352 3470; x_wconf 86' lang='lat' dir='ltr'><strong>securis</strong></span> <span class='ocrx_word' id='word_1_187' title='bbox 364 3414 494 3481; x_wconf 88' lang='lat' dir='ltr'><strong>occisum,</strong></span> <span class='ocrx_word' id='word_1_188' title='bbox 507 3414 589 3471; x_wconf 86' lang='lat' dir='ltr'><strong>delict</strong></span> <span class='ocrx_word' id='word_1_189' title='bbox 602 3413 653 3471; x_wconf 84' lang='lat' dir='ltr'><strong>hoc</strong></span> <span class='ocrx_word' id='word_1_190' title='bbox 666 3412 809 3487; x_wconf 75' lang='lat' dir='ltr'><strong>carmine]</strong></span> 
     </span>
    </p>
   </div>
   <div class='ocr_carea' id='block_1_7' title="bbox 100 3524 877 4047">
    <p class='ocr_par' dir='ltr' id='par_1_10' title="bbox 100 3524 788 3686">
     <span class='ocr_line' id='line_1_35' title="bbox 100 3524 788 3596; baseline -0.003 -15"><span class='ocrx_word' id='word_1_191' title='bbox 100 3525 252 3581; x_wconf 73' lang='lat' dir='ltr'><strong>trinumeris</strong></span> <span class='ocrx_word' id='word_1_192' title='bbox 263 3524 402 3581; x_wconf 87' lang='lat' dir='ltr'><strong>bominum</strong></span> <span class='ocrx_word' id='word_1_193' title='bbox 415 3524 535 3596; x_wconf 82' lang='lat' dir='ltr'><strong>subjecta</strong></span> <span class='ocrx_word' id='word_1_194' title='bbox 547 3533 589 3581; x_wconf 86' lang='lat' dir='ltr'><strong>est</strong></span> <span class='ocrx_word' id='word_1_195' title='bbox 601 3524 654 3581; x_wconf 84' lang='lat' dir='ltr'><strong>sita</strong></span> <span class='ocrx_word' id='word_1_196' title='bbox 670 3526 788 3595; x_wconf 90' lang='lat' dir='ltr'><strong>periclis,</strong></span> 
     </span>
     <span class='ocr_line' id='line_1_36' title="bbox 136 3613 701 3686; baseline -0.005 -15"><span class='ocrx_word' id='word_1_197' title='bbox 136 3616 250 3672; x_wconf 78' lang='lat' dir='ltr'><strong>Casibus</strong></span> <span class='ocrx_word' id='word_1_198' title='bbox 263 3626 292 3671; x_wconf 87' lang='lat' dir='ltr'><strong>ct</strong></span> <span class='ocrx_word' id='word_1_199' title='bbox 306 3614 389 3672; x_wconf 86' lang='lat' dir='ltr'><strong>ratiis</strong></span> <span class='ocrx_word' id='word_1_200' title='bbox 400 3630 460 3671; x_wconf 87' lang='lat' dir='ltr'><strong>sors</strong></span> <span class='ocrx_word' id='word_1_201' title='bbox 471 3615 579 3670; x_wconf 87' lang='lat' dir='ltr'><strong>inimica</strong></span> <span class='ocrx_word' id='word_1_202' title='bbox 593 3613 701 3686; x_wconf 88' lang='lat' dir='ltr'><strong>premit.</strong></span> 
     </span>
    </p>

    <p class='ocr_par' dir='ltr' id='par_1_11' title="bbox 100 3704 877 3869">
     <span class='ocr_line' id='line_1_37' title="bbox 100 3704 877 3772; baseline 0.001 -9"><span class='ocrx_word' id='word_1_203' title='bbox 100 3706 170 3763; x_wconf 74' lang='lat' dir='ltr'><strong>Nan</strong></span> <span class='ocrx_word' id='word_1_204' title='bbox 180 3706 335 3763; x_wconf 81' lang='lat' dir='ltr'><strong>recubando</strong></span> <span class='ocrx_word' id='word_1_205' title='bbox 346 3708 425 3763; x_wconf 90' lang='lat' dir='ltr'><strong>tboro</strong></span> <span class='ocrx_word' id='word_1_206' title='bbox 440 3707 592 3763; x_wconf 82' lang='lat' dir='ltr'><strong>llobolema</strong></span> <span class='ocrx_word' id='word_1_207' title='bbox 607 3704 621 3746; x_wconf 59' lang='grc' dir='ltr'>ὗ</span> <span class='ocrx_word' id='word_1_208' title='bbox 638 3707 741 3762; x_wconf 83' lang='lat' dir='ltr'><strong>lionore</strong></span> <span class='ocrx_word' id='word_1_209' title='bbox 756 3705 877 3772; x_wconf 79' lang='lat' dir='ltr'><strong>diaconi,</strong></span> 
     </span>
     <span class='ocr_line' id='line_1_38' title="bbox 140 3796 788 3869; baseline 0.002 -17"><span class='ocrx_word' id='word_1_210' title='bbox 140 3797 208 3852; x_wconf 78' lang='lat' dir='ltr'><strong>Dum</strong></span> <span class='ocrx_word' id='word_1_211' title='bbox 220 3796 318 3853; x_wconf 85' lang='lat' dir='ltr'><strong>imitor</strong></span> <span class='ocrx_word' id='word_1_212' title='bbox 327 3812 433 3866; x_wconf 89' lang='lat' dir='ltr'><strong>somno,</strong></span> <span class='ocrx_word' id='word_1_213' title='bbox 448 3813 522 3854; x_wconf 86' lang='lat' dir='ltr'><strong>mors</strong></span> <span class='ocrx_word' id='word_1_214' title='bbox 536 3798 605 3869; x_wconf 86' lang='lat' dir='ltr'><strong>rapit</strong></span> <span class='ocrx_word' id='word_1_215' title='bbox 618 3808 674 3853; x_wconf 86' lang='lat' dir='ltr'><strong>atra</strong></span> <span class='ocrx_word' id='word_1_216' title='bbox 690 3797 788 3853; x_wconf 81' lang='lat' dir='ltr'><strong>rirorn.</strong></span> 
     </span>
    </p>

    <p class='ocr_par' dir='ltr' id='par_1_12' title="bbox 104 3886 809 4047">
     <span class='ocr_line' id='line_1_39' title="bbox 104 3886 809 3957; baseline 0.006 -17"><span class='ocrx_word' id='word_1_217' title='bbox 104 3886 197 3942; x_wconf 79' lang='lat' dir='ltr'><strong>linaiis</strong></span> <span class='ocrx_word' id='word_1_218' title='bbox 208 3886 235 3943; x_wconf 91' lang='lat' dir='ltr'><strong>in</strong></span> <span class='ocrx_word' id='word_1_219' title='bbox 250 3887 357 3944; x_wconf 80' lang='lat' dir='ltr'><strong>insidiis</strong></span> <span class='ocrx_word' id='word_1_220' title='bbox 369 3903 477 3957; x_wconf 71' lang='lat' dir='ltr'><strong>moure,</strong></span> <span class='ocrx_word' id='word_1_221' title='bbox 493 3889 567 3945; x_wconf 83' lang='lat' dir='ltr'><strong>caedc</strong></span> <span class='ocrx_word' id='word_1_222' title='bbox 577 3891 691 3957; x_wconf 78' lang='lat' dir='ltr'><strong>recurris,</strong></span> <span class='ocrx_word' id='word_1_223' title='bbox 805 3936 809 3944; x_wconf 95' lang='lat'><em>.</em></span> 
     </span>
     <span class='ocr_line' id='line_1_40' title="bbox 140 3979 709 4047; baseline -0.002 -12"><span class='ocrx_word' id='word_1_224' title='bbox 140 3979 295 4036; x_wconf 80' lang='lat' dir='ltr'><strong>Percuticns</strong></span> <span class='ocrx_word' id='word_1_225' title='bbox 311 3980 462 4047; x_wconf 87' lang='lat' dir='ltr'><strong>cerebrum,</strong></span> <span class='ocrx_word' id='word_1_226' title='bbox 477 3981 539 4035; x_wconf 89' lang='lat' dir='ltr'><strong>tecit</strong></span> <span class='ocrx_word' id='word_1_227' title='bbox 551 3980 626 4036; x_wconf 90' lang='lat' dir='ltr'><strong>obire</strong></span> <span class='ocrx_word' id='word_1_228' title='bbox 636 3979 709 4034; x_wconf 88' lang='lat' dir='ltr'><strong>dolo.</strong></span> 
     </span>
    </p>
   </div>
   <div class='ocr_carea' id='block_1_8' title="bbox 689 308 1153 367">
    <p class='ocr_par' dir='ltr' id='par_1_13' title="bbox 689 308 1153 367">
     <span class='ocr_line' id='line_1_41' title="bbox 689 308 1153 367; baseline -0.002 -1"><span class='ocrx_word' id='word_1_229' title='bbox 689 308 946 367; x_wconf 77' lang='lat' dir='ltr'><strong>auscultamus.</strong></span> <span class='ocrx_word' id='word_1_230' title='bbox 966 338 1002 353; x_wconf 90' lang='lat'><em>-</em></span> <span class='ocrx_word' id='word_1_231' title='bbox 1022 308 1087 367; x_wconf 82' lang='lat' dir='ltr'><strong>titt.</strong></span> <span class='ocrx_word' id='word_1_232' title='bbox 1109 310 1153 365; x_wconf 79' lang='lat' dir='ltr'><strong>li,</strong></span> 
     </span>
    </p>
   </div>
   <div class='ocr_carea' id='block_1_9' title="bbox 1206 438 1477 648">
    <p class='ocr_par' dir='ltr' id='par_1_14' title="bbox 1206 438 1477 648">
     <span class='ocr_line' id='line_1_42' title="bbox 1233 438 1443 498; baseline 0.052 -11"><span class='ocrx_word' id='word_1_233' title='bbox 1233 438 1356 497; x_wconf 67' lang='lat' dir='ltr'>CAPUT</span> <span class='ocrx_word' id='word_1_234' title='bbox 1373 442 1443 498; x_wconf 73' lang='lat' dir='ltr'><strong>XV!-</strong></span> 
     </span>
     <span class='ocr_line' id='line_1_43' title="bbox 1206 576 1477 648; baseline 0.011 -17"><span class='ocrx_word' id='word_1_235' title='bbox 1206 576 1375 648; x_wconf 75' lang='lat' dir='ltr'><strong>Epitaphium</strong></span> <span class='ocrx_word' id='word_1_236' title='bbox 1390 582 1477 635; x_wconf 77' lang='lat' dir='ltr'><strong>Attici.</strong></span> 
     </span>
    </p>
   </div>
   <div class='ocr_carea' id='block_1_10' title="bbox 943 710 1738 2643">
    <p class='ocr_par' dir='ltr' id='par_1_15' title="bbox 944 710 1738 1073">
     <span class='ocr_line' id='line_1_44' title="bbox 944 710 1737 787; baseline 0.01 -21"><span class='ocrx_word' id='word_1_237' title='bbox 944 710 1046 784; x_wconf 72' lang='lat' dir='ltr'><strong>initio,</strong></span> <span class='ocrx_word' id='word_1_238' title='bbox 1063 710 1107 781; x_wconf 80' lang='lat' dir='ltr'><strong>atti</strong></span> <span class='ocrx_word' id='word_1_239' title='bbox 1121 711 1175 777; x_wconf 84' lang='lat' dir='ltr'><strong>jam</strong></span> <span class='ocrx_word' id='word_1_240' title='bbox 1198 711 1273 767; x_wconf 88' lang='lat' dir='ltr'><strong>senio</strong></span> <span class='ocrx_word' id='word_1_241' title='bbox 1287 711 1427 769; x_wconf 86' lang='lat' dir='ltr'><strong>conlectus</strong></span> <span class='ocrx_word' id='word_1_242' title='bbox 1440 714 1558 779; x_wconf 83' lang='lat' dir='ltr'><strong>obierat,</strong></span> <span class='ocrx_word' id='word_1_243' title='bbox 1581 714 1660 773; x_wconf 83' lang='lat' dir='ltr'><strong>tonus</strong></span> <span class='ocrx_word' id='word_1_244' title='bbox 1673 731 1737 787; x_wconf 83' lang='lat' dir='ltr'><strong>prn-</strong></span> 
     </span>
     <span class='ocr_line' id='line_1_45' title="bbox 978 781 1738 855; baseline 0.011 -19"><span class='ocrx_word' id='word_1_245' title='bbox 978 781 1099 851; x_wconf 79' lang='lat' dir='ltr'><strong>sequitur</strong></span> <span class='ocrx_word' id='word_1_246' title='bbox 1111 781 1162 835; x_wconf 88' lang='lat' dir='ltr'><strong>boc</strong></span> <span class='ocrx_word' id='word_1_247' title='bbox 1174 782 1304 850; x_wconf 87' lang='lat' dir='ltr'><strong>carmine,</strong></span> <span class='ocrx_word' id='word_1_248' title='bbox 1316 791 1343 837; x_wconf 90' lang='lat' dir='ltr'><strong>et</strong></span> <span class='ocrx_word' id='word_1_249' title='bbox 1355 783 1414 854; x_wconf 74' lang='lat' dir='ltr'><strong>eins</strong></span> <span class='ocrx_word' id='word_1_250' title='bbox 1428 784 1609 854; x_wconf 81' lang='lat' dir='ltr'><strong>eloqttemiatn</strong></span> <span class='ocrx_word' id='word_1_251' title='bbox 1622 788 1738 855; x_wconf 83' lang='lat' dir='ltr'><strong>pruden-</strong></span> 
     </span>
     <span class='ocr_line' id='line_1_46' title="bbox 979 851 1738 925; baseline 0.012 -19"><span class='ocrx_word' id='word_1_252' title='bbox 979 854 1115 919; x_wconf 84' lang='lat' dir='ltr'><strong>tiammte,</strong></span> <span class='ocrx_word' id='word_1_253' title='bbox 1132 860 1185 905; x_wconf 84' lang='lat' dir='ltr'><strong>totn</strong></span> <span class='ocrx_word' id='word_1_254' title='bbox 1201 851 1284 906; x_wconf 78' lang='lat' dir='ltr'><strong>Gallia</strong></span> <span class='ocrx_word' id='word_1_255' title='bbox 1299 854 1445 918; x_wconf 87' lang='lat' dir='ltr'><strong>illustrem,</strong></span> <span class='ocrx_word' id='word_1_256' title='bbox 1464 866 1520 910; x_wconf 89' lang='lat' dir='ltr'><strong>tum</strong></span> <span class='ocrx_word' id='word_1_257' title='bbox 1535 859 1640 925; x_wconf 83' lang='lat' dir='ltr'><strong>generis</strong></span> <span class='ocrx_word' id='word_1_258' title='bbox 1660 860 1738 914; x_wconf 86' lang='lat' dir='ltr'><strong>nabl-</strong></span> 
     </span>
     <span class='ocr_line' id='line_1_47' title="bbox 979 920 1734 993; baseline 0.017 -19"><span class='ocrx_word' id='word_1_259' title='bbox 979 922 1090 987; x_wconf 86' lang='lat' dir='ltr'><strong>litatem,</strong></span> <span class='ocrx_word' id='word_1_260' title='bbox 1103 920 1263 986; x_wconf 84' lang='lat' dir='ltr'><strong>doctrinam,</strong></span> <span class='ocrx_word' id='word_1_261' title='bbox 1275 923 1442 990; x_wconf 87' lang='lat' dir='ltr'><strong>sapientiam,</strong></span> <span class='ocrx_word' id='word_1_262' title='bbox 1455 925 1591 993; x_wconf 86' lang='lat' dir='ltr'><strong>pietatem,</strong></span> <span class='ocrx_word' id='word_1_263' title='bbox 1606 930 1632 982; x_wconf 89' lang='lat' dir='ltr'><strong>in</strong></span> <span class='ocrx_word' id='word_1_264' title='bbox 1642 943 1734 987; x_wconf 76' lang='lat' dir='ltr'><strong>meras</strong></span> 
     </span>
     <span class='ocr_line' id='line_1_48' title="bbox 978 993 1616 1073; baseline 0.009 -27"><span class='ocrx_word' id='word_1_265' title='bbox 978 994 1051 1047; x_wconf 73' lang='lat' dir='ltr'><strong>attica</strong></span> <span class='ocrx_word' id='word_1_266' title='bbox 1065 999 1092 1047; x_wconf 94' lang='lat' dir='ltr'><strong>et</strong></span> <span class='ocrx_word' id='word_1_267' title='bbox 1106 1006 1238 1061; x_wconf 83' lang='lat' dir='ltr'><strong>pauperes</strong></span> <span class='ocrx_word' id='word_1_268' title='bbox 1252 993 1473 1060; x_wconf 84' lang='lat' dir='ltr'><strong>monillccntiam,</strong></span> <span class='ocrx_word' id='word_1_269' title='bbox 1489 997 1616 1073; x_wconf 73' lang='lat' dir='ltr'><strong>extollit]</strong></span> 
     </span>
    </p>

    <p class='ocr_par' dir='ltr' id='par_1_16' title="bbox 943 1101 1613 1261">
     <span class='ocr_line' id='line_1_49' title="bbox 943 1101 1613 1175; baseline 0.015 -22"><span class='ocrx_word' id='word_1_270' title='bbox 943 1101 1072 1168; x_wconf 78' lang='lat' dir='ltr'><strong>Qttsmris</strong></span> <span class='ocrx_word' id='word_1_271' title='bbox 1089 1101 1166 1172; x_wconf 87' lang='lat' dir='ltr'><strong>langa</strong></span> <span class='ocrx_word' id='word_1_272' title='bbox 1181 1101 1240 1157; x_wconf 90' lang='lat' dir='ltr'><strong>aeni</strong></span> <span class='ocrx_word' id='word_1_273' title='bbox 1261 1101 1374 1158; x_wconf 85' lang='lat' dir='ltr'><strong>ducatur</strong></span> <span class='ocrx_word' id='word_1_274' title='bbox 1388 1104 1414 1158; x_wconf 93' lang='lat' dir='ltr'><strong>in</strong></span> <span class='ocrx_word' id='word_1_275' title='bbox 1430 1105 1523 1161; x_wconf 67' lang='lat' dir='ltr'><strong>«urdine</strong></span> <span class='ocrx_word' id='word_1_276' title='bbox 1539 1108 1613 1175; x_wconf 85' lang='lat' dir='ltr'><strong>rita,</strong></span> 
     </span>
     <span class='ocr_line' id='line_1_50' title="bbox 979 1194 1593 1261; baseline 0.015 -15"><span class='ocrx_word' id='word_1_277' title='bbox 979 1194 1045 1247; x_wconf 80' lang='lat' dir='ltr'><strong>Ciam</strong></span> <span class='ocrx_word' id='word_1_278' title='bbox 1057 1195 1128 1248; x_wconf 89' lang='lat' dir='ltr'><strong>renit</strong></span> <span class='ocrx_word' id='word_1_279' title='bbox 1142 1202 1314 1261; x_wconf 79' lang='lat' dir='ltr'><strong>extremum,</strong></span> <span class='ocrx_word' id='word_1_280' title='bbox 1330 1194 1367 1249; x_wconf 91' lang='lat' dir='ltr'><strong>nil</strong></span> <span class='ocrx_word' id='word_1_281' title='bbox 1383 1198 1453 1252; x_wconf 82' lang='lat' dir='ltr'><strong>salet</strong></span> <span class='ocrx_word' id='word_1_282' title='bbox 1466 1213 1525 1255; x_wconf 87' lang='lat' dir='ltr'><strong>esse</strong></span> <span class='ocrx_word' id='word_1_283' title='bbox 1539 1200 1593 1255; x_wconf 85' lang='lat' dir='ltr'><strong>diu.</strong></span> 
     </span>
    </p>

    <p class='ocr_par' dir='ltr' id='par_1_17' title="bbox 945 1285 1703 1452">
     <span class='ocr_line' id='line_1_51' title="bbox 945 1285 1703 1363; baseline 0.013 -22"><span class='ocrx_word' id='word_1_284' title='bbox 945 1285 998 1341; x_wconf 82' lang='lat' dir='ltr'><strong>Seri</strong></span> <span class='ocrx_word' id='word_1_285' title='bbox 1015 1290 1077 1357; x_wconf 79' lang='lat' dir='ltr'><strong>quia</strong></span> <span class='ocrx_word' id='word_1_286' title='bbox 1092 1302 1171 1343; x_wconf 88' lang='lat' dir='ltr'><strong>uento</strong></span> <span class='ocrx_word' id='word_1_287' title='bbox 1190 1286 1276 1361; x_wconf 79' lang='lat' dir='ltr'><strong>legit,</strong></span> <span class='ocrx_word' id='word_1_288' title='bbox 1292 1289 1343 1344; x_wconf 88' lang='lat' dir='ltr'><strong>nisi</strong></span> <span class='ocrx_word' id='word_1_289' title='bbox 1358 1301 1456 1345; x_wconf 83' lang='lat' dir='ltr'><strong>terram</strong></span> <span class='ocrx_word' id='word_1_290' title='bbox 1469 1300 1540 1347; x_wconf 84' lang='lat' dir='ltr'><strong>terra</strong></span> <span class='ocrx_word' id='word_1_291' title='bbox 1555 1295 1703 1363; x_wconf 87' lang='lat' dir='ltr'><strong>recondat,</strong></span> 
     </span>
     <span class='ocr_line' id='line_1_52' title="bbox 983 1379 1645 1452; baseline 0.018 -19"><span class='ocrx_word' id='word_1_292' title='bbox 983 1379 1052 1448; x_wconf 81' lang='lat' dir='ltr'><strong>Lege</strong></span> <span class='ocrx_word' id='word_1_293' title='bbox 1066 1381 1116 1451; x_wconf 71' lang='lat' dir='ltr'><strong>stili</strong></span> <span class='ocrx_word' id='word_1_294' title='bbox 1132 1381 1201 1442; x_wconf 86' lang='lat' dir='ltr'><strong>bac,</strong></span> <span class='ocrx_word' id='word_1_295' title='bbox 1216 1393 1328 1436; x_wconf 81' lang='lat' dir='ltr'><strong>attactos</strong></span> <span class='ocrx_word' id='word_1_296' title='bbox 1341 1397 1402 1438; x_wconf 86' lang='lat' dir='ltr'><strong>sora</strong></span> <span class='ocrx_word' id='word_1_297' title='bbox 1420 1386 1489 1452; x_wconf 81' lang='lat' dir='ltr'><strong>rupit</strong></span> <span class='ocrx_word' id='word_1_298' title='bbox 1500 1400 1551 1440; x_wconf 90' lang='lat' dir='ltr'><strong>una</strong></span> <span class='ocrx_word' id='word_1_299' title='bbox 1565 1388 1645 1444; x_wconf 82' lang='lat' dir='ltr'><strong>viros.</strong></span> 
     </span>
    </p>

    <p class='ocr_par' dir='ltr' id='par_1_18' title="bbox 945 1469 1668 1635">
     <span class='ocr_line' id='line_1_53' title="bbox 945 1469 1668 1547; baseline 0.017 -23"><span class='ocrx_word' id='word_1_300' title='bbox 945 1469 1041 1526; x_wconf 85' lang='lat' dir='ltr'><strong>Celsrts</strong></span> <span class='ocrx_word' id='word_1_301' title='bbox 1057 1471 1083 1525; x_wconf 93' lang='lat' dir='ltr'><strong>in</strong></span> <span class='ocrx_word' id='word_1_302' title='bbox 1099 1472 1149 1526; x_wconf 89' lang='lat' dir='ltr'><strong>bne</strong></span> <span class='ocrx_word' id='word_1_303' title='bbox 1171 1471 1263 1527; x_wconf 84' lang='lat' dir='ltr'><strong>lioaiili</strong></span> <span class='ocrx_word' id='word_1_304' title='bbox 1279 1474 1382 1528; x_wconf 88' lang='lat' dir='ltr'><strong>tumulo</strong></span> <span class='ocrx_word' id='word_1_305' title='bbox 1401 1474 1475 1545; x_wconf 83' lang='lat' dir='ltr'><strong>jacet</strong></span> <span class='ocrx_word' id='word_1_306' title='bbox 1490 1479 1593 1534; x_wconf 87' lang='lat' dir='ltr'><strong>littictts</strong></span> <span class='ocrx_word' id='word_1_307' title='bbox 1608 1479 1668 1547; x_wconf 88' lang='lat' dir='ltr'><strong>iile,</strong></span> 
     </span>
     <span class='ocr_line' id='line_1_54' title="bbox 979 1562 1513 1635; baseline 0.017 -21"><span class='ocrx_word' id='word_1_308' title='bbox 979 1562 1030 1630; x_wconf 82' lang='lat' dir='ltr'><strong>Qnt</strong></span> <span class='ocrx_word' id='word_1_309' title='bbox 1044 1564 1123 1617; x_wconf 90' lang='lat' dir='ltr'><strong>tiabat</strong></span> <span class='ocrx_word' id='word_1_310' title='bbox 1138 1564 1246 1635; x_wconf 79' lang='lat' dir='ltr'><strong>eloquio</strong></span> <span class='ocrx_word' id='word_1_311' title='bbox 1260 1565 1347 1621; x_wconf 86' lang='lat' dir='ltr'><strong>dulcia</strong></span> <span class='ocrx_word' id='word_1_312' title='bbox 1364 1568 1440 1621; x_wconf 80' lang='lat' dir='ltr'><strong>urtella</strong></span> <span class='ocrx_word' id='word_1_313' title='bbox 1454 1584 1513 1623; x_wconf 83' lang='lat' dir='ltr'><strong>sita.</strong></span> 
     </span>
    </p>

    <p class='ocr_par' dir='ltr' id='par_1_19' title="bbox 944 1652 1696 1814">
     <span class='ocr_line' id='line_1_55' title="bbox 944 1652 1696 1735; baseline 0.016 -27"><span class='ocrx_word' id='word_1_314' title='bbox 944 1652 1103 1722; x_wconf 86' lang='lat' dir='ltr'><strong>impendens</strong></span> <span class='ocrx_word' id='word_1_315' title='bbox 1119 1654 1253 1724; x_wconf 86' lang='lat' dir='ltr'><strong>placidam</strong></span> <span class='ocrx_word' id='word_1_316' title='bbox 1269 1657 1345 1712; x_wconf 86' lang='lat' dir='ltr'><strong>suari</strong></span> <span class='ocrx_word' id='word_1_317' title='bbox 1361 1659 1543 1716; x_wconf 85' lang='lat' dir='ltr'><strong>modulamine</strong></span> <span class='ocrx_word' id='word_1_318' title='bbox 1563 1664 1696 1735; x_wconf 76' lang='lat' dir='ltr'><strong>linguam,</strong></span> 
     </span>
     <span class='ocr_line' id='line_1_56' title="bbox 980 1743 1542 1814; baseline 0.018 -17"><span class='ocrx_word' id='word_1_319' title='bbox 980 1743 1162 1814; x_wconf 83' lang='lat' dir='ltr'><strong>Paeilleusqtte</strong></span> <span class='ocrx_word' id='word_1_320' title='bbox 1177 1761 1241 1801; x_wconf 73' lang='lat' dir='ltr'><strong>suus</strong></span> <span class='ocrx_word' id='word_1_321' title='bbox 1255 1760 1345 1803; x_wconf 88' lang='lat' dir='ltr'><strong>sermo</strong></span> <span class='ocrx_word' id='word_1_322' title='bbox 1355 1749 1468 1805; x_wconf 85' lang='lat' dir='ltr'><strong>medella</strong></span> <span class='ocrx_word' id='word_1_323' title='bbox 1484 1751 1542 1807; x_wconf 87' lang='lat' dir='ltr'><strong>luit.</strong></span> 
     </span>
    </p>

    <p class='ocr_par' dir='ltr' id='par_1_20' title="bbox 944 1830 1663 1999">
     <span class='ocr_line' id='line_1_57' title="bbox 944 1830 1663 1909; baseline 0.019 -22"><span class='ocrx_word' id='word_1_324' title='bbox 944 1830 1026 1901; x_wconf 80' lang='lat' dir='ltr'><strong>Cttjtts</strong></span> <span class='ocrx_word' id='word_1_325' title='bbox 1041 1835 1222 1891; x_wconf 83' lang='lat' dir='ltr'><strong>abundantem</strong></span> <span class='ocrx_word' id='word_1_326' title='bbox 1238 1846 1365 1893; x_wconf 80' lang='lat' dir='ltr'><strong>venerata</strong></span> <span class='ocrx_word' id='word_1_327' title='bbox 1379 1848 1421 1895; x_wconf 87' lang='lat' dir='ltr'><strong>est</strong></span> <span class='ocrx_word' id='word_1_328' title='bbox 1437 1838 1522 1896; x_wconf 84' lang='lat' dir='ltr'><strong>Gallia</strong></span> <span class='ocrx_word' id='word_1_329' title='bbox 1538 1858 1663 1909; x_wconf 89' lang='lat' dir='ltr'><strong>sensum,</strong></span> 
     </span>
     <span class='ocr_line' id='line_1_58' title="bbox 965 1921 1635 1999; baseline 0.018 -24"><span class='ocrx_word' id='word_1_330' title='bbox 965 1921 1158 1992; x_wconf 71' lang='lat' dir='ltr'><strong>directumque</strong></span> <span class='ocrx_word' id='word_1_331' title='bbox 1173 1938 1265 1979; x_wconf 87' lang='lat' dir='ltr'><strong>senem</strong></span> <span class='ocrx_word' id='word_1_332' title='bbox 1281 1940 1387 1995; x_wconf 89' lang='lat' dir='ltr'><strong>semper</strong></span> <span class='ocrx_word' id='word_1_333' title='bbox 1402 1927 1504 1984; x_wconf 82' lang='lat' dir='ltr'><strong>battare</strong></span> <span class='ocrx_word' id='word_1_334' title='bbox 1518 1942 1635 1999; x_wconf 84' lang='lat' dir='ltr'><strong>patrem.</strong></span> 
     </span>
    </p>

    <p class='ocr_par' dir='ltr' id='par_1_21' title="bbox 944 2012 1597 2181">
     <span class='ocr_line' id='line_1_59' title="bbox 944 2012 1597 2091; baseline 0.017 -24"><span class='ocrx_word' id='word_1_335' title='bbox 944 2012 1041 2069; x_wconf 86' lang='lat' dir='ltr'><strong>Clarus</strong></span> <span class='ocrx_word' id='word_1_336' title='bbox 1057 2016 1090 2067; x_wconf 82' lang='lat' dir='ltr'><strong>ab</strong></span> <span class='ocrx_word' id='word_1_337' title='bbox 1104 2014 1231 2085; x_wconf 75' lang='lat' dir='ltr'><strong>atttiquis,</strong></span> <span class='ocrx_word' id='word_1_338' title='bbox 1246 2031 1310 2088; x_wconf 87' lang='lat' dir='ltr'><strong>spes</strong></span> <span class='ocrx_word' id='word_1_339' title='bbox 1324 2018 1471 2075; x_wconf 85' lang='lat' dir='ltr'><strong>nobilitatis</strong></span> <span class='ocrx_word' id='word_1_340' title='bbox 1484 2024 1597 2091; x_wconf 71' lang='lat' dir='ltr'><strong>opimat,</strong></span> 
     </span>
     <span class='ocr_line' id='line_1_60' title="bbox 981 2104 1543 2181; baseline 0.012 -20"><span class='ocrx_word' id='word_1_341' title='bbox 981 2104 1126 2161; x_wconf 86' lang='lat' dir='ltr'><strong>Solticicns</strong></span> <span class='ocrx_word' id='word_1_342' title='bbox 1138 2106 1271 2177; x_wconf 83' lang='lat' dir='ltr'><strong>propriis,</strong></span> <span class='ocrx_word' id='word_1_343' title='bbox 1287 2108 1359 2164; x_wconf 88' lang='lat' dir='ltr'><strong>nulla</strong></span> <span class='ocrx_word' id='word_1_344' title='bbox 1375 2111 1466 2181; x_wconf 83' lang='lat' dir='ltr'><strong>rapina</strong></span> <span class='ocrx_word' id='word_1_345' title='bbox 1483 2112 1543 2169; x_wconf 86' lang='lat' dir='ltr'><strong>tuit.</strong></span> 
     </span>
    </p>

    <p class='ocr_par' dir='ltr' id='par_1_22' title="bbox 945 2196 1704 2360">
     <span class='ocr_line' id='line_1_61' title="bbox 945 2196 1704 2280; baseline 0.021 -30"><span class='ocrx_word' id='word_1_346' title='bbox 945 2196 1074 2267; x_wconf 82' lang='lat' dir='ltr'><strong>[logmata</strong></span> <span class='ocrx_word' id='word_1_347' title='bbox 1090 2201 1172 2254; x_wconf 92' lang='lat' dir='ltr'><strong>corde</strong></span> <span class='ocrx_word' id='word_1_348' title='bbox 1191 2210 1304 2266; x_wconf 86' lang='lat' dir='ltr'><strong>tenens,</strong></span> <span class='ocrx_word' id='word_1_349' title='bbox 1319 2202 1414 2272; x_wconf 89' lang='lat' dir='ltr'><strong>plenas</strong></span> <span class='ocrx_word' id='word_1_350' title='bbox 1427 2205 1500 2260; x_wconf 80' lang='lat' dir='ltr'><strong>velut</strong></span> <span class='ocrx_word' id='word_1_351' title='bbox 1521 2222 1582 2264; x_wconf 85' lang='lat' dir='ltr'><strong>arca</strong></span> <span class='ocrx_word' id='word_1_352' title='bbox 1596 2210 1704 2280; x_wconf 83' lang='lat' dir='ltr'><strong>libellis,</strong></span> 
     </span>
     <span class='ocr_line' id='line_1_62' title="bbox 980 2287 1611 2360; baseline 0.021 -19"><span class='ocrx_word' id='word_1_353' title='bbox 980 2287 1121 2358; x_wconf 77' lang='lat' dir='ltr'><strong>Quisquis,</strong></span> <span class='ocrx_word' id='word_1_354' title='bbox 1136 2289 1208 2359; x_wconf 77' lang='lat' dir='ltr'><strong>qood</strong></span> <span class='ocrx_word' id='word_1_355' title='bbox 1219 2290 1319 2360; x_wconf 81' lang='lat' dir='ltr'><strong>votuit,</strong></span> <span class='ocrx_word' id='word_1_356' title='bbox 1335 2292 1407 2349; x_wconf 86' lang='lat' dir='ltr'><strong>lottte</strong></span> <span class='ocrx_word' id='word_1_357' title='bbox 1420 2293 1520 2353; x_wconf 84' lang='lat' dir='ltr'><strong>fluente</strong></span> <span class='ocrx_word' id='word_1_358' title='bbox 1535 2301 1611 2357; x_wconf 78' lang='lat' dir='ltr'><strong>bibit.</strong></span> 
     </span>
    </p>

    <p class='ocr_par' dir='ltr' id='par_1_23' title="bbox 946 2376 1597 2549">
     <span class='ocr_line' id='line_1_63' title="bbox 946 2376 1597 2457; baseline 0.023 -27"><span class='ocrx_word' id='word_1_359' title='bbox 946 2376 1068 2432; x_wconf 79' lang='lat' dir='ltr'><strong>Consilio</strong></span> <span class='ocrx_word' id='word_1_360' title='bbox 1081 2382 1200 2448; x_wconf 78' lang='lat' dir='ltr'><strong>sapiens,</strong></span> <span class='ocrx_word' id='word_1_361' title='bbox 1216 2382 1307 2438; x_wconf 82' lang='lat' dir='ltr'><strong>attitllo</strong></span> <span class='ocrx_word' id='word_1_362' title='bbox 1320 2384 1390 2453; x_wconf 88' lang='lat' dir='ltr'><strong>pius,</strong></span> <span class='ocrx_word' id='word_1_363' title='bbox 1407 2400 1453 2443; x_wconf 91' lang='lat' dir='ltr'><strong>ore</strong></span> <span class='ocrx_word' id='word_1_364' title='bbox 1467 2401 1597 2457; x_wconf 85' lang='lat' dir='ltr'><strong>serenus,</strong></span> 
     </span>
     <span class='ocr_line' id='line_1_64' title="bbox 982 2467 1585 2549; baseline 0.025 -26"><span class='ocrx_word' id='word_1_365' title='bbox 982 2467 1113 2524; x_wconf 83' lang='lat' dir='ltr'><strong>Omnibus</strong></span> <span class='ocrx_word' id='word_1_366' title='bbox 1127 2481 1156 2524; x_wconf 93' lang='grc' dir='ltr'><strong>ιιι</strong></span> <span class='ocrx_word' id='word_1_367' title='bbox 1173 2472 1277 2542; x_wconf 84' lang='lat' dir='ltr'><strong>populis</strong></span> <span class='ocrx_word' id='word_1_368' title='bbox 1289 2485 1362 2531; x_wconf 82' lang='lat' dir='ltr'><strong>esset</strong></span> <span class='ocrx_word' id='word_1_369' title='bbox 1374 2490 1466 2533; x_wconf 89' lang='lat' dir='ltr'><strong>autore</strong></span> <span class='ocrx_word' id='word_1_370' title='bbox 1478 2493 1585 2549; x_wconf 86' lang='lat' dir='ltr'><strong>parens.</strong></span> 
     </span>
    </p>

    <p class='ocr_par' dir='ltr' id='par_1_24' title="bbox 945 2558 1630 2643">
     <span class='ocr_line' id='line_1_65' title="bbox 945 2558 1630 2643; baseline 0.025 -29"><span class='ocrx_word' id='word_1_371' title='bbox 945 2558 991 2614; x_wconf 82' lang='lat' dir='ltr'><strong>Sic</strong></span> <span class='ocrx_word' id='word_1_372' title='bbox 1004 2559 1204 2616; x_wconf 76' lang='lat' dir='ltr'><strong>venerabilibus</strong></span> <span class='ocrx_word' id='word_1_373' title='bbox 1221 2564 1347 2635; x_wconf 87' lang='lat' dir='ltr'><strong>templis,</strong></span> <span class='ocrx_word' id='word_1_374' title='bbox 1362 2567 1401 2622; x_wconf 83' lang='lat' dir='ltr'><strong>sic</strong></span> <span class='ocrx_word' id='word_1_375' title='bbox 1416 2566 1479 2624; x_wconf 81' lang='lat' dir='ltr'><strong>tacit</strong></span> <span class='ocrx_word' id='word_1_376' title='bbox 1495 2570 1504 2621; x_wconf 85' lang='lat' dir='ltr'><strong>i</strong></span> <span class='ocrx_word' id='word_1_377' title='bbox 1522 2575 1630 2643; x_wconf 81' lang='lat' dir='ltr'><strong>egeatis,</strong></span> 
     </span>
    </p>
   </div>
   <div class='ocr_carea' id='block_1_11' title="bbox 981 2650 1597 2736">
    <p class='ocr_par' dir='ltr' id='par_1_25' title="bbox 981 2650 1597 2736">
     <span class='ocr_line' id='line_1_66' title="bbox 981 2650 1597 2736; baseline 0.021 -29"><span class='ocrx_word' id='word_1_378' title='bbox 981 2650 1100 2709; x_wconf 83' lang='lat' dir='ltr'><strong>ilittetet</strong></span> <span class='ocrx_word' id='word_1_379' title='bbox 1116 2661 1145 2709; x_wconf 90' lang='lat' dir='ltr'><strong>ut</strong></span> <span class='ocrx_word' id='word_1_380' title='bbox 1159 2655 1255 2722; x_wconf 82' lang='lat' dir='ltr'><strong>coelis,</strong></span> <span class='ocrx_word' id='word_1_381' title='bbox 1271 2672 1337 2727; x_wconf 78' lang='lat' dir='ltr'><strong>atras</strong></span> <span class='ocrx_word' id='word_1_382' title='bbox 1351 2672 1509 2729; x_wconf 79' lang='lat' dir='ltr'><strong>sequeretur</strong></span> <span class='ocrx_word' id='word_1_383' title='bbox 1521 2679 1597 2736; x_wconf 81' lang='lat' dir='ltr'><strong>opes.</strong></span> 
     </span>
    </p>
   </div>
   <div class='ocr_carea' id='block_1_12' title="bbox 1119 2807 1564 3001">
    <p class='ocr_par' dir='ltr' id='par_1_26' title="bbox 1119 2807 1564 3001">
     <span class='ocr_line' id='line_1_67' title="bbox 1239 2807 1456 2869; baseline 0.014 -3"><span class='ocrx_word' id='word_1_384' title='bbox 1239 2807 1355 2866; x_wconf 81' lang='lat' dir='ltr'><strong>catut</strong></span> <span class='ocrx_word' id='word_1_385' title='bbox 1374 2812 1456 2869; x_wconf 74' lang='lat' dir='ltr'><strong>xiil.</strong></span> 
     </span>
     <span class='ocr_line' id='line_1_68' title="bbox 1119 2920 1564 3001; baseline 0.027 -26"><span class='ocrx_word' id='word_1_386' title='bbox 1119 2920 1291 2995; x_wconf 67' lang='lat' dir='ltr'><strong>Epitaphium</strong></span> <span class='ocrx_word' id='word_1_387' title='bbox 1306 2925 1412 2983; x_wconf 75' lang='lat' dir='ltr'><strong>Arcadii</strong></span> <span class='ocrx_word' id='word_1_388' title='bbox 1428 2925 1440 2965; x_wconf 84' lang='lat'><strong>¹¹</strong></span> <span class='ocrx_word' id='word_1_389' title='bbox 1450 2929 1564 3001; x_wconf 76' lang='lat' dir='ltr'><strong>juranis.</strong></span> 
     </span>
    </p>
   </div>
   <div class='ocr_carea' id='block_1_13' title="bbox 947 3052 1742 3134">
    <p class='ocr_par' dir='ltr' id='par_1_27' title="bbox 947 3052 1742 3134">
     <span class='ocr_line' id='line_1_69' title="bbox 947 3052 1742 3134; baseline 0.025 -26"><span class='ocrx_word' id='word_1_390' title='bbox 947 3052 1119 3125; x_wconf 74' lang='lat' dir='ltr'><strong>[Arcadium</strong></span> <span class='ocrx_word' id='word_1_391' title='bbox 1136 3055 1224 3111; x_wconf 86' lang='lat' dir='ltr'><strong>adbuc</strong></span> <span class='ocrx_word' id='word_1_392' title='bbox 1235 3054 1380 3127; x_wconf 69' lang='lat' dir='ltr'><strong>invenem,</strong></span> <span class='ocrx_word' id='word_1_393' title='bbox 1397 3059 1536 3119; x_wconf 86' lang='lat' dir='ltr'><strong>immatura</strong></span> <span class='ocrx_word' id='word_1_394' title='bbox 1550 3078 1646 3134; x_wconf 86' lang='lat' dir='ltr'><strong>morte,</strong></span> <span class='ocrx_word' id='word_1_395' title='bbox 1661 3082 1742 3127; x_wconf 87' lang='lat' dir='ltr'><strong>occo·</strong></span> 
     </span>
    </p>
   </div>
   <div class='ocr_carea' id='block_1_14' title="bbox 908 3126 1586 3208">
    <p class='ocr_par' dir='ltr' id='par_1_28' title="bbox 908 3126 1586 3208">
     <span class='ocr_line' id='line_1_70' title="bbox 908 3126 1586 3208; baseline 0.025 -34"><span class='ocrx_word' id='word_1_396' title='bbox 908 3128 933 3190; x_wconf 74' lang='lat' dir='ltr'><strong>c</strong></span> <span class='ocrx_word' id='word_1_397' title='bbox 1038 3134 1140 3192; x_wconf 87' lang='lat' dir='ltr'><strong>patum,</strong></span> <span class='ocrx_word' id='word_1_398' title='bbox 1155 3126 1261 3183; x_wconf 87' lang='lat' dir='ltr'><strong>lunebti</strong></span> <span class='ocrx_word' id='word_1_399' title='bbox 1274 3129 1393 3184; x_wconf 83' lang='lat' dir='ltr'><strong>carntine</strong></span> <span class='ocrx_word' id='word_1_400' title='bbox 1406 3131 1586 3208; x_wconf 80' lang='lat' dir='ltr'><strong>cohonestat]</strong></span> 
     </span>
    </p>
   </div>
   <div class='ocr_carea' id='block_1_15' title="bbox 948 3210 1671 4024">
    <p class='ocr_par' dir='ltr' id='par_1_29' title="bbox 948 3210 1671 3387">
     <span class='ocr_line' id='line_1_71' title="bbox 948 3210 1671 3302; baseline 0.024 -34"><span class='ocrx_word' id='word_1_401' title='bbox 948 3213 1036 3269; x_wconf 86' lang='lat' dir='ltr'><strong>Omne</strong></span> <span class='ocrx_word' id='word_1_402' title='bbox 1053 3210 1064 3252; x_wconf 90' lang='lat'>¹</span> <span class='ocrx_word' id='word_1_403' title='bbox 1082 3215 1182 3270; x_wconf 87' lang='lat' dir='ltr'><strong>bonum</strong></span> <span class='ocrx_word' id='word_1_404' title='bbox 1197 3215 1275 3271; x_wconf 87' lang='lat' dir='ltr'><strong>relax</strong></span> <span class='ocrx_word' id='word_1_405' title='bbox 1298 3215 1409 3288; x_wconf 78' lang='lat' dir='ltr'><strong>fugitivo</strong></span> <span class='ocrx_word' id='word_1_406' title='bbox 1424 3232 1544 3293; x_wconf 86' lang='lat' dir='ltr'><strong>tentpore</strong></span> <span class='ocrx_word' id='word_1_407' title='bbox 1557 3231 1671 3302; x_wconf 86' lang='lat' dir='ltr'><strong>transit,</strong></span> 
     </span>
     <span class='ocr_line' id='line_1_72' title="bbox 982 3305 1631 3387; baseline 0.023 -27"><span class='ocrx_word' id='word_1_408' title='bbox 982 3305 1048 3373; x_wconf 77' lang='lat' dir='ltr'><strong>Qua</strong></span> <span class='ocrx_word' id='word_1_409' title='bbox 1063 3306 1192 3377; x_wconf 85' lang='lat' dir='ltr'><strong>placitura</strong></span> <span class='ocrx_word' id='word_1_410' title='bbox 1204 3308 1291 3374; x_wconf 81' lang='lat' dir='ltr'><strong>ridet,</strong></span> <span class='ocrx_word' id='word_1_411' title='bbox 1309 3325 1382 3366; x_wconf 87' lang='lat' dir='ltr'><strong>mors</strong></span> <span class='ocrx_word' id='word_1_412' title='bbox 1396 3314 1480 3382; x_wconf 81' lang='lat' dir='ltr'><strong>trtagis</strong></span> <span class='ocrx_word' id='word_1_413' title='bbox 1494 3316 1536 3370; x_wconf 90' lang='lat' dir='ltr'><strong>illa</strong></span> <span class='ocrx_word' id='word_1_414' title='bbox 1551 3320 1631 3387; x_wconf 83' lang='lat' dir='ltr'><strong>rapit.</strong></span> 
     </span>
    </p>

    <p class='ocr_par' dir='ltr' id='par_1_30' title="bbox 950 3394 1631 3561">
     <span class='ocr_line' id='line_1_73' title="bbox 950 3394 1631 3476; baseline 0.018 -25"><span class='ocrx_word' id='word_1_415' title='bbox 950 3394 1000 3451; x_wconf 90' lang='lat' dir='ltr'><strong>ilic</strong></span> <span class='ocrx_word' id='word_1_416' title='bbox 1013 3411 1079 3466; x_wconf 90' lang='lat' dir='ltr'><strong>puer</strong></span> <span class='ocrx_word' id='word_1_417' title='bbox 1095 3397 1224 3453; x_wconf 79' lang='lat' dir='ltr'><strong>Arcadius</strong></span> <span class='ocrx_word' id='word_1_418' title='bbox 1239 3403 1349 3455; x_wconf 80' lang='lat' dir='ltr'><strong>veniens</strong></span> <span class='ocrx_word' id='word_1_419' title='bbox 1361 3401 1395 3456; x_wconf 90' lang='lat' dir='ltr'><strong>de</strong></span> <span class='ocrx_word' id='word_1_420' title='bbox 1409 3403 1484 3470; x_wconf 88' lang='lat' dir='ltr'><strong>prole</strong></span> <span class='ocrx_word' id='word_1_421' title='bbox 1503 3418 1631 3476; x_wconf 88' lang='lat' dir='ltr'><strong>senatus,</strong></span> 
     </span>
     <span class='ocr_line' id='line_1_74' title="bbox 984 3485 1525 3561; baseline 0.015 -21"><span class='ocrx_word' id='word_1_422' title='bbox 984 3485 1140 3542; x_wconf 76' lang='lat' dir='ltr'><strong>Festinante</strong></span> <span class='ocrx_word' id='word_1_423' title='bbox 1152 3487 1197 3542; x_wconf 89' lang='lat' dir='ltr'><strong>die</strong></span> <span class='ocrx_word' id='word_1_424' title='bbox 1212 3498 1303 3558; x_wconf 90' lang='lat' dir='ltr'><strong>raptus</strong></span> <span class='ocrx_word' id='word_1_425' title='bbox 1317 3490 1352 3544; x_wconf 88' lang='lat' dir='ltr'><strong>ab</strong></span> <span class='ocrx_word' id='word_1_426' title='bbox 1366 3492 1432 3546; x_wconf 86' lang='lat' dir='ltr'><strong>orbe</strong></span> <span class='ocrx_word' id='word_1_427' title='bbox 1444 3492 1525 3561; x_wconf 78' lang='lat' dir='ltr'><strong>iacet.</strong></span> 
     </span>
    </p>

    <p class='ocr_par' dir='ltr' id='par_1_31' title="bbox 948 3572 1636 3745">
     <span class='ocr_line' id='line_1_75' title="bbox 948 3572 1636 3657; baseline 0.017 -28"><span class='ocrx_word' id='word_1_428' title='bbox 948 3572 1063 3629; x_wconf 77' lang='lat' dir='ltr'><strong>Parvula</strong></span> <span class='ocrx_word' id='word_1_429' title='bbox 1078 3575 1155 3645; x_wconf 83' lang='lat' dir='ltr'><strong>eujtta</strong></span> <span class='ocrx_word' id='word_1_430' title='bbox 1169 3576 1257 3631; x_wconf 91' lang='lat' dir='ltr'><strong>adbuc</strong></span> <span class='ocrx_word' id='word_1_431' title='bbox 1279 3578 1356 3632; x_wconf 80' lang='lat' dir='ltr'><strong>freno</strong></span> <span class='ocrx_word' id='word_1_432' title='bbox 1371 3592 1401 3635; x_wconf 88' lang='lat' dir='ltr'><strong>se</strong></span> <span class='ocrx_word' id='word_1_433' title='bbox 1416 3582 1538 3638; x_wconf 77' lang='lat' dir='ltr'><strong>vinxerat</strong></span> <span class='ocrx_word' id='word_1_434' title='bbox 1550 3596 1636 3657; x_wconf 71' lang='lat' dir='ltr'><strong>aetas,</strong></span> 
     </span>
     <span class='ocr_line' id='line_1_76' title="bbox 984 3666 1578 3745; baseline 0.019 -22"><span class='ocrx_word' id='word_1_435' title='bbox 984 3666 1017 3723; x_wconf 88' lang='lat' dir='ltr'><strong>Ut</strong></span> <span class='ocrx_word' id='word_1_436' title='bbox 1031 3677 1107 3724; x_wconf 86' lang='lat' dir='ltr'><strong>tener</strong></span> <span class='ocrx_word' id='word_1_437' title='bbox 1117 3677 1137 3706; x_wconf 74' lang='lat'>⁰</span> <span class='ocrx_word' id='word_1_438' title='bbox 1147 3678 1175 3724; x_wconf 92' lang='lat' dir='ltr'><strong>ct</strong></span> <span class='ocrx_word' id='word_1_439' title='bbox 1190 3670 1267 3724; x_wconf 86' lang='lat' dir='ltr'><strong>annis</strong></span> <span class='ocrx_word' id='word_1_440' title='bbox 1280 3684 1351 3740; x_wconf 71' lang='lat' dir='ltr'><strong>surg«</strong></span> <span class='ocrx_word' id='word_1_441' title='bbox 1361 3682 1402 3728; x_wconf 91' lang='lat' dir='ltr'><strong>ret</strong></span> <span class='ocrx_word' id='word_1_442' title='bbox 1415 3672 1472 3745; x_wconf 89' lang='lat' dir='ltr'><strong>ipse</strong></span> <span class='ocrx_word' id='word_1_443' title='bbox 1485 3689 1578 3734; x_wconf 79' lang='lat' dir='ltr'><strong>seties.</strong></span> 
     </span>
    </p>

    <p class='ocr_par' dir='ltr' id='par_1_32' title="bbox 949 3757 1600 3926">
     <span class='ocr_line' id='line_1_77' title="bbox 949 3757 1600 3836; baseline 0.02 -24"><span class='ocrx_word' id='word_1_444' title='bbox 949 3757 1063 3828; x_wconf 80' lang='lat' dir='ltr'><strong>Eloquia</strong></span> <span class='ocrx_word' id='word_1_445' title='bbox 1074 3760 1191 3829; x_wconf 88' lang='lat' dir='ltr'><strong>torrebs,</strong></span> <span class='ocrx_word' id='word_1_446' title='bbox 1206 3761 1298 3832; x_wconf 85' lang='lat' dir='ltr'><strong>specie</strong></span> <span class='ocrx_word' id='word_1_447' title='bbox 1311 3764 1432 3821; x_wconf 88' lang='lat' dir='ltr'><strong>radiante</strong></span> <span class='ocrx_word' id='word_1_448' title='bbox 1446 3779 1600 3836; x_wconf 75' lang='lat' dir='ltr'><strong>venustas,</strong></span> 
     </span>
     <span class='ocr_line' id='line_1_78' title="bbox 984 3849 1544 3926; baseline 0.021 -21"><span class='ocrx_word' id='word_1_449' title='bbox 984 3849 1100 3907; x_wconf 69' lang='lat' dir='ltr'><strong>vincens</strong></span> <span class='ocrx_word' id='word_1_450' title='bbox 1114 3852 1252 3922; x_wconf 84' lang='lat' dir='ltr'><strong>artilices,</strong></span> <span class='ocrx_word' id='word_1_451' title='bbox 1268 3863 1296 3910; x_wconf 90' lang='lat' dir='ltr'><strong>et</strong></span> <span class='ocrx_word' id='word_1_452' title='bbox 1310 3870 1376 3926; x_wconf 89' lang='lat' dir='ltr'><strong>puer</strong></span> <span class='ocrx_word' id='word_1_453' title='bbox 1388 3868 1445 3913; x_wconf 90' lang='lat' dir='ltr'><strong>arte</strong></span> <span class='ocrx_word' id='word_1_454' title='bbox 1460 3860 1544 3917; x_wconf 85' lang='lat' dir='ltr'><strong>rudis.</strong></span> 
     </span>
    </p>

    <p class='ocr_par' dir='ltr' id='par_1_33' title="bbox 948 3944 1661 4024">
     <span class='ocr_line' id='line_1_79' title="bbox 948 3944 1661 4024; baseline 0.018 -26"><span class='ocrx_word' id='word_1_455' title='bbox 948 3945 1007 4010; x_wconf 86' lang='lat' dir='ltr'><strong>Quo</strong></span> <span class='ocrx_word' id='word_1_456' title='bbox 1022 3960 1066 4000; x_wconf 91' lang='lat' dir='ltr'><strong>me</strong></span> <span class='ocrx_word' id='word_1_457' title='bbox 1081 3944 1166 4000; x_wconf 87' lang='lat' dir='ltr'><strong>torma</strong></span> <span class='ocrx_word' id='word_1_458' title='bbox 1180 3947 1253 4013; x_wconf 88' lang='lat' dir='ltr'><strong>rapis</strong></span> <span class='ocrx_word' id='word_1_459' title='bbox 1268 3947 1361 4003; x_wconf 86' lang='lat' dir='ltr'><strong>laudes</strong></span> <span class='ocrx_word' id='word_1_460' title='bbox 1376 3963 1527 4007; x_wconf 85' lang='lat' dir='ltr'><strong>memorare</strong></span> <span class='ocrx_word' id='word_1_461' title='bbox 1538 3955 1661 4024; x_wconf 77' lang='lat' dir='ltr'><strong>sepulti?</strong></span> 
     </span>
    </p>
   </div>
   <div class='ocr_carea' id='block_1_16' title="bbox 104 4036 1677 4143">
    <p class='ocr_par' dir='ltr' id='par_1_34' title="bbox 104 4036 1677 4143">
     <span class='ocr_line' id='line_1_80' title="bbox 104 4036 1677 4143; baseline 0.003 -16"><span class='ocrx_word' id='word_1_462' title='bbox 104 4070 165 4136; x_wconf 79' lang='lat' dir='ltr'><strong>Dic,</strong></span> <span class='ocrx_word' id='word_1_463' title='bbox 179 4072 226 4127; x_wconf 90' lang='lat' dir='ltr'><strong>tibi</strong></span> <span class='ocrx_word' id='word_1_464' title='bbox 236 4071 301 4143; x_wconf 82' lang='lat' dir='ltr'><strong>quid</strong></span> <span class='ocrx_word' id='word_1_465' title='bbox 314 4072 422 4139; x_wconf 85' lang='lat' dir='ltr'><strong>prodest</strong></span> <span class='ocrx_word' id='word_1_466' title='bbox 436 4073 524 4128; x_wconf 85' lang='lat' dir='ltr'><strong>scelus</strong></span> <span class='ocrx_word' id='word_1_467' title='bbox 538 4073 590 4127; x_wconf 85' lang='lat' dir='ltr'><strong>liae</strong></span> <span class='ocrx_word' id='word_1_468' title='bbox 602 4070 753 4143; x_wconf 80' lang='lat' dir='ltr'><strong>peragendo</strong></span> <span class='ocrx_word' id='word_1_469' title='bbox 766 4070 899 4128; x_wconf 86' lang='lat' dir='ltr'><strong>uelandel</strong></span> <span class='ocrx_word' id='word_1_470' title='bbox 985 4036 1095 4109; x_wconf 60' lang='lat'><strong>3⁵¹¹⁸¹¹¹³</strong></span> <span class='ocrx_word' id='word_1_471' title='bbox 1109 4036 1133 4090; x_wconf 57' lang='grc' dir='ltr'><strong>’ἰ</strong></span> <span class='ocrx_word' id='word_1_472' title='bbox 1150 4051 1295 4103; x_wconf 58' lang='lat' dir='ltr'><strong>&#39;mmm&#39;</strong></span> <span class='ocrx_word' id='word_1_473' title='bbox 1309 4037 1368 4106; x_wconf 54' lang='grc' dir='ltr'><strong>ΡΜ</strong></span> <span class='ocrx_word' id='word_1_474' title='bbox 1382 4040 1555 4109; x_wconf 64' lang='lat' dir='ltr'><strong>¹³⁰¹5¹¹¹³¹¹d¹</strong></span> <span class='ocrx_word' id='word_1_475' title='bbox 1569 4060 1677 4102; x_wconf 51' lang='grc' dir='ltr'><strong>ΜΝ·</strong></span> 
     </span>
    </p>
   </div>
   <div class='ocr_carea' id='block_1_17' title="bbox 103 4160 832 4415">
    <p class='ocr_par' dir='ltr' id='par_1_35' title="bbox 103 4160 832 4415">
     <span class='ocr_line' id='line_1_81' title="bbox 142 4160 631 4234; baseline 0.004 -19"><span class='ocrx_word' id='word_1_476' title='bbox 142 4162 188 4218; x_wconf 92' lang='lat' dir='ltr'><strong>lile</strong></span> <span class='ocrx_word' id='word_1_477' title='bbox 201 4160 256 4219; x_wconf 81' lang='lat' dir='ltr'><strong>Deo</strong></span> <span class='ocrx_word' id='word_1_478' title='bbox 270 4163 346 4228; x_wconf 77' lang='lat' dir='ltr'><strong>risit,</strong></span> <span class='ocrx_word' id='word_1_479' title='bbox 364 4174 392 4219; x_wconf 91' lang='grc' dir='ltr'><strong>ιιι</strong></span> <span class='ocrx_word' id='word_1_480' title='bbox 405 4164 534 4219; x_wconf 88' lang='lat' dir='ltr'><strong>meriture</strong></span> <span class='ocrx_word' id='word_1_481' title='bbox 549 4163 631 4234; x_wconf 85' lang='lat' dir='ltr'><strong>peris.</strong></span> 
     </span>
     <span class='ocr_line' id='line_1_82' title="bbox 103 4250 832 4326; baseline 0.001 -16"><span class='ocrx_word' id='word_1_482' title='bbox 103 4250 228 4326; x_wconf 81' lang='lat' dir='ltr'><strong>iiartgris</strong></span> <span class='ocrx_word' id='word_1_483' title='bbox 241 4254 251 4293; x_wconf 80' lang='lat'><strong>¹</strong></span> <span class='ocrx_word' id='word_1_484' title='bbox 266 4254 314 4311; x_wconf 88' lang='lat' dir='ltr'><strong>ille</strong></span> <span class='ocrx_word' id='word_1_485' title='bbox 327 4252 409 4310; x_wconf 88' lang='lat' dir='ltr'><strong>decus</strong></span> <span class='ocrx_word' id='word_1_486' title='bbox 423 4256 531 4319; x_wconf 90' lang='lat' dir='ltr'><strong>meruit,</strong></span> <span class='ocrx_word' id='word_1_487' title='bbox 548 4263 575 4309; x_wconf 92' lang='lat' dir='ltr'><strong>to</strong></span> <span class='ocrx_word' id='word_1_488' title='bbox 589 4254 685 4310; x_wconf 86' lang='lat' dir='ltr'><strong>damna</strong></span> <span class='ocrx_word' id='word_1_489' title='bbox 702 4254 832 4323; x_wconf 72' lang='lat' dir='ltr'><strong>latronis,</strong></span> 
     </span>
     <span class='ocr_line' id='line_1_83' title="bbox 143 4342 818 4415; baseline 0.003 -17"><span class='ocrx_word' id='word_1_490' title='bbox 143 4342 276 4400; x_wconf 75' lang='lat' dir='ltr'><strong>discribi</strong></span> <span class='ocrx_word' id='word_1_491' title='bbox 288 4343 379 4414; x_wconf 86' lang='lat' dir='ltr'><strong>palma</strong></span> <span class='ocrx_word' id='word_1_492' title='bbox 391 4344 489 4414; x_wconf 86' lang='lat' dir='ltr'><strong>placet,</strong></span> <span class='ocrx_word' id='word_1_493' title='bbox 501 4345 547 4401; x_wconf 88' lang='lat' dir='ltr'><strong>scd</strong></span> <span class='ocrx_word' id='word_1_494' title='bbox 562 4345 610 4400; x_wconf 90' lang='lat' dir='ltr'><strong>tibi</strong></span> <span class='ocrx_word' id='word_1_495' title='bbox 624 4360 702 4415; x_wconf 85' lang='lat' dir='ltr'><strong>poena</strong></span> <span class='ocrx_word' id='word_1_496' title='bbox 718 4354 818 4401; x_wconf 89' lang='lat' dir='ltr'><strong>manet.</strong></span> 
     </span>
    </p>
   </div>
   <div class='ocr_carea' id='block_1_18' title="bbox 145 4560 654 4629">
    <p class='ocr_par' dir='ltr' id='par_1_36' title="bbox 145 4560 654 4629">
     <span class='ocr_line' id='line_1_84' title="bbox 145 4560 654 4629; baseline 0 -10"><span class='ocrx_word' id='word_1_497' title='bbox 145 4572 159 4600; x_wconf 80' lang='lat'>⁸</span> <span class='ocrx_word' id='word_1_498' title='bbox 171 4562 245 4619; x_wconf 85' lang='lat' dir='ltr'><strong>Unus</strong></span> <span class='ocrx_word' id='word_1_499' title='bbox 259 4561 326 4618; x_wconf 81' lang='lat' dir='ltr'><strong>cnt.</strong></span> <span class='ocrx_word' id='word_1_500' title='bbox 343 4560 572 4629; x_wconf 82' lang='lat' dir='ltr'><strong>Vat.,omeraiiiis</strong></span> <span class='ocrx_word' id='word_1_501' title='bbox 586 4564 654 4619; x_wconf 76' lang='lat' dir='ltr'><strong>mie.</strong></span> 
     </span>
    </p>
   </div>
   <div class='ocr_carea' id='block_1_19' title="bbox 953 4126 1738 4293">
    <p class='ocr_par' dir='ltr' id='par_1_37' title="bbox 953 4126 1738 4293">
     <span class='ocr_line' id='line_1_85' title="bbox 953 4126 1638 4205; baseline 0.01 -24"><span class='ocrx_word' id='word_1_502' title='bbox 953 4126 1008 4182; x_wconf 90' lang='lat' dir='ltr'><strong>Sed</strong></span> <span class='ocrx_word' id='word_1_503' title='bbox 1024 4127 1150 4197; x_wconf 81' lang='lat' dir='ltr'><strong>quoniam</strong></span> <span class='ocrx_word' id='word_1_504' title='bbox 1165 4126 1237 4183; x_wconf 87' lang='lat' dir='ltr'><strong>uuila</strong></span> <span class='ocrx_word' id='word_1_505' title='bbox 1252 4128 1402 4184; x_wconf 88' lang='lat' dir='ltr'><strong>ntacalatas</strong></span> <span class='ocrx_word' id='word_1_506' title='bbox 1415 4134 1495 4187; x_wconf 90' lang='lat' dir='ltr'><strong>sorde</strong></span> <span class='ocrx_word' id='word_1_507' title='bbox 1509 4138 1638 4205; x_wconf 83' lang='lat' dir='ltr'><strong>recessit,</strong></span> 
     </span>
     <span class='ocr_line' id='line_1_86' title="bbox 983 4216 1738 4293; baseline 0.013 -21"><span class='ocrx_word' id='word_1_508' title='bbox 983 4216 1083 4274; x_wconf 79' lang='lat' dir='ltr'><strong>Nulli·</strong></span> <span class='ocrx_word' id='word_1_509' title='bbox 1098 4217 1204 4274; x_wconf 80' lang='lat' dir='ltr'><strong>tiendus</strong></span> <span class='ocrx_word' id='word_1_510' title='bbox 1215 4218 1286 4288; x_wconf 84' lang='lat' dir='ltr'><strong>erit,</strong></span> <span class='ocrx_word' id='word_1_511' title='bbox 1297 4234 1377 4291; x_wconf 85' lang='lat' dir='ltr'><strong>quem</strong></span> <span class='ocrx_word' id='word_1_512' title='bbox 1391 4222 1531 4293; x_wconf 87' lang='lat' dir='ltr'><strong>paradisus</strong></span> <span class='ocrx_word' id='word_1_513' title='bbox 1546 4226 1642 4285; x_wconf 87' lang='lat' dir='ltr'><strong>babet..</strong></span> <span class='ocrx_word' id='word_1_514' title='bbox 1734 4276 1738 4293; x_wconf 29' lang='grc' dir='ltr'><strong><em>ἶ</em></strong></span> 
     </span>
    </p>
   </div>
   <div class='ocr_carea' id='block_1_20' title="bbox 988 4555 1750 4641">
    <p class='ocr_par' dir='ltr' id='par_1_38' title="bbox 988 4555 1750 4641">
     <span class='ocr_line' id='line_1_87' title="bbox 988 4555 1750 4641; baseline 0.021 -31"><span class='ocrx_word' id='word_1_515' title='bbox 988 4558 997 4610; x_wconf 91' lang='lat' dir='ltr'><strong>t</strong></span> <span class='ocrx_word' id='word_1_516' title='bbox 1016 4556 1075 4613; x_wconf 84' lang='lat' dir='ltr'><strong>[tuo</strong></span> <span class='ocrx_word' id='word_1_517' title='bbox 1087 4556 1171 4612; x_wconf 80' lang='lat' dir='ltr'><strong>Codd.</strong></span> <span class='ocrx_word' id='word_1_518' title='bbox 1186 4555 1267 4624; x_wconf 75' lang='lat' dir='ltr'><strong>vat,</strong></span> <span class='ocrx_word' id='word_1_519' title='bbox 1282 4557 1320 4611; x_wconf 85' lang='lat' dir='ltr'><strong>aia</strong></span> <span class='ocrx_word' id='word_1_520' title='bbox 1334 4556 1410 4629; x_wconf 74' lang='lat' dir='ltr'><strong>sedit.</strong></span> <span class='ocrx_word' id='word_1_521' title='bbox 1426 4558 1499 4619; x_wconf 77' lang='lat' dir='ltr'><strong>uolt.</strong></span> <span class='ocrx_word' id='word_1_522' title='bbox 1512 4562 1598 4630; x_wconf 75' lang='lat' dir='ltr'><strong>ven..</strong></span> <span class='ocrx_word' id='word_1_523' title='bbox 1612 4567 1650 4623; x_wconf 85' lang='lat' dir='ltr'><strong>sic</strong></span> <span class='ocrx_word' id='word_1_524' title='bbox 1663 4568 1750 4641; x_wconf 73' lang='lat' dir='ltr'><strong>litigat</strong></span> 
     </span>
    </p>
   </div>
   <div class='ocr_carea' id='block_1_21' title="bbox 110 4630 1747 4849">
    <p class='ocr_par' dir='ltr' id='par_1_39' title="bbox 110 4630 1747 4849">
     <span class='ocr_line' id='line_1_88' title="bbox 143 4630 1046 4705; baseline -0.003 -18"><span class='ocrx_word' id='word_1_525' title='bbox 143 4633 245 4689; x_wconf 68' lang='lat' dir='ltr'><strong>ibunt</strong></span> <span class='ocrx_word' id='word_1_526' title='bbox 270 4633 333 4691; x_wconf 83' lang='lat' dir='ltr'><strong>biae</strong></span> <span class='ocrx_word' id='word_1_527' title='bbox 354 4636 487 4701; x_wconf 71' lang='lat' dir='ltr'><strong>conticere</strong></span> <span class='ocrx_word' id='word_1_528' title='bbox 505 4648 602 4704; x_wconf 83' lang='lat' dir='ltr'><strong>poema</strong></span> <span class='ocrx_word' id='word_1_529' title='bbox 626 4634 697 4691; x_wconf 87' lang='lat' dir='ltr'><strong>istud</strong></span> <span class='ocrx_word' id='word_1_530' title='bbox 716 4636 897 4705; x_wconf 86' lang='lat' dir='ltr'><strong>conscriptum</strong></span> <span class='ocrx_word' id='word_1_531' title='bbox 951 4630 1046 4701; x_wconf 81' lang='lat' dir='ltr'><strong>egenis.</strong></span> 
     </span>
     <span class='ocr_line' id='line_1_89' title="bbox 110 4697 1747 4775; baseline 0.012 -28"><span class='ocrx_word' id='word_1_532' title='bbox 110 4702 194 4759; x_wconf 63' lang='lat' dir='ltr'><strong>tuam</strong></span> <span class='ocrx_word' id='word_1_533' title='bbox 207 4720 286 4759; x_wconf 66' lang='lat' dir='ltr'><strong>,msa</strong></span> <span class='ocrx_word' id='word_1_534' title='bbox 310 4706 352 4758; x_wconf 61' lang='lat' dir='ltr'><strong>sep</strong></span> <span class='ocrx_word' id='word_1_535' title='bbox 374 4706 647 4775; x_wconf 61' lang='lat' dir='ltr'><strong>occnctffleepismps</strong></span> <span class='ocrx_word' id='word_1_536' title='bbox 660 4704 782 4775; x_wconf 62' lang='lat' dir='ltr'><strong>,tpcujng</strong></span> <span class='ocrx_word' id='word_1_537' title='bbox 804 4720 899 4763; x_wconf 61' lang='lat' dir='ltr'><strong>mem</strong></span> <span class='ocrx_word' id='word_1_538' title='bbox 988 4697 1150 4769; x_wconf 74' lang='lat' dir='ltr'><strong>ktipinatur</strong></span> <span class='ocrx_word' id='word_1_539' title='bbox 1172 4698 1313 4754; x_wconf 84' lang='lat' dir='ltr'><strong>Browerua</strong></span> <span class='ocrx_word' id='word_1_540' title='bbox 1343 4698 1415 4757; x_wconf 84' lang='lat' dir='ltr'><strong>laune</strong></span> <span class='ocrx_word' id='word_1_541' title='bbox 1435 4703 1540 4759; x_wconf 86' lang='lat' dir='ltr'><strong>llrcadii</strong></span> <span class='ocrx_word' id='word_1_542' title='bbox 1565 4707 1747 4767; x_wconf 72' lang='lat' dir='ltr'><strong>arvernensis</strong></span> 
     </span>
     <span class='ocr_line' id='line_1_90' title="bbox 110 4767 1747 4849; baseline 0.005 -21"><span class='ocrx_word' id='word_1_543' title='bbox 110 4774 260 4829; x_wconf 64' lang='lat' dir='ltr'><strong>raduine</strong></span> <span class='ocrx_word' id='word_1_544' title='bbox 294 4774 370 4829; x_wconf 77' lang='lat' dir='ltr'><strong>endte</strong></span> <span class='ocrx_word' id='word_1_545' title='bbox 381 4773 509 4845; x_wconf 80' lang='lat' dir='ltr'><strong>praelecti,</strong></span> <span class='ocrx_word' id='word_1_546' title='bbox 528 4776 605 4845; x_wconf 78' lang='lat' dir='ltr'><strong>caius</strong></span> <span class='ocrx_word' id='word_1_547' title='bbox 620 4778 689 4832; x_wconf 87' lang='lat' dir='ltr'><strong>torte</strong></span> <span class='ocrx_word' id='word_1_548' title='bbox 701 4774 900 4833; x_wconf 86' lang='lat' dir='ltr'><strong>cleruSerrilio</strong></span> <span class='ocrx_word' id='word_1_549' title='bbox 952 4768 1085 4825; x_wconf 78' lang='lat' dir='ltr'><strong>senatoris</strong></span> <span class='ocrx_word' id='word_1_550' title='bbox 1106 4767 1226 4849; x_wconf 63' lang='lat' dir='ltr'><strong>(dequo</strong></span> <span class='ocrx_word' id='word_1_551' title='bbox 1244 4783 1317 4837; x_wconf 81' lang='lat' dir='ltr'><strong>saepe</strong></span> <span class='ocrx_word' id='word_1_552' title='bbox 1341 4769 1454 4843; x_wconf 83' lang='lat' dir='ltr'><strong>Gregor.</strong></span> <span class='ocrx_word' id='word_1_553' title='bbox 1476 4774 1575 4830; x_wconf 75' lang='lat' dir='ltr'><strong>turon.</strong></span> <span class='ocrx_word' id='word_1_554' title='bbox 1598 4777 1625 4833; x_wconf 93' lang='lat' dir='ltr'><strong>in</strong></span> <span class='ocrx_word' id='word_1_555' title='bbox 1640 4779 1747 4837; x_wconf 79' lang='lat' dir='ltr'><strong>illator.</strong></span> 
     </span>
    </p>
   </div>
   <div class='ocr_carea' id='block_1_22' title="bbox 110 4845 431 4913">
    <p class='ocr_par' dir='ltr' id='par_1_40' title="bbox 110 4845 431 4913">
     <span class='ocr_line' id='line_1_91' title="bbox 110 4845 431 4913; baseline 0 -14"><span class='ocrx_word' id='word_1_556' title='bbox 110 4847 246 4913; x_wconf 68' lang='lat' dir='ltr'><strong>wriptas</strong></span> <span class='ocrx_word' id='word_1_557' title='bbox 255 4846 282 4899; x_wconf 90' lang='lat' dir='ltr'><strong>ol</strong></span> <span class='ocrx_word' id='word_1_558' title='bbox 294 4860 322 4899; x_wconf 90' lang='grc' dir='ltr'><strong>ιιι</strong></span> <span class='ocrx_word' id='word_1_559' title='bbox 334 4845 431 4899; x_wconf 81' lang='lat' dir='ltr'><strong>luent.</strong></span> 
     </span>
    </p>
   </div>
   <div class='ocr_carea' id='block_1_23' title="bbox 148 4912 905 5058">
    <p class='ocr_par' dir='ltr' id='par_1_41' title="bbox 148 4912 905 5058">
     <span class='ocr_line' id='line_1_92' title="bbox 148 4912 899 4973; baseline 0.008 -5"><span class='ocrx_word' id='word_1_560' title='bbox 148 4914 250 4968; x_wconf 65' lang='lat' dir='ltr'><strong>‘beent</strong></span> <span class='ocrx_word' id='word_1_561' title='bbox 265 4914 315 4969; x_wconf 85' lang='lat' dir='ltr'><strong>boc</strong></span> <span class='ocrx_word' id='word_1_562' title='bbox 326 4929 435 4969; x_wconf 84' lang='lat' dir='ltr'><strong>carmen</strong></span> <span class='ocrx_word' id='word_1_563' title='bbox 448 4915 475 4969; x_wconf 91' lang='lat' dir='ltr'><strong>in</strong></span> <span class='ocrx_word' id='word_1_564' title='bbox 486 4914 551 4970; x_wconf 73' lang='lat' dir='ltr'><strong>len.</strong></span> <span class='ocrx_word' id='word_1_565' title='bbox 568 4915 640 4971; x_wconf 82' lang='lat' dir='ltr'><strong>Edit.</strong></span> <span class='ocrx_word' id='word_1_566' title='bbox 650 4922 678 4971; x_wconf 90' lang='lat' dir='ltr'><strong>et</strong></span> <span class='ocrx_word' id='word_1_567' title='bbox 692 4929 744 4969; x_wconf 89' lang='lat' dir='ltr'><strong>uno</strong></span> <span class='ocrx_word' id='word_1_568' title='bbox 757 4912 824 4971; x_wconf 85' lang='lat' dir='ltr'><strong>Cod.</strong></span> <span class='ocrx_word' id='word_1_569' title='bbox 836 4914 899 4973; x_wconf 76' lang='lat' dir='ltr'><strong>Vat.</strong></span> 
     </span>
     <span class='ocr_line' id='line_1_93' title="bbox 151 4983 905 5058; baseline 0.007 -21"><span class='ocrx_word' id='word_1_570' title='bbox 151 4983 164 5023; x_wconf 60' lang='grc' dir='ltr'><em>ὃ</em></span> <span class='ocrx_word' id='word_1_571' title='bbox 178 4984 208 5038; x_wconf 86' lang='grc' dir='ltr'><strong>Ιιι</strong></span> <span class='ocrx_word' id='word_1_572' title='bbox 221 5000 275 5039; x_wconf 92' lang='lat' dir='ltr'><strong>uno</strong></span> <span class='ocrx_word' id='word_1_573' title='bbox 288 4983 357 5041; x_wconf 74' lang='lat' dir='ltr'><strong>od.</strong></span> <span class='ocrx_word' id='word_1_574' title='bbox 371 4985 455 5039; x_wconf 78' lang='lat' dir='ltr'><strong>iate.</strong></span> <span class='ocrx_word' id='word_1_575' title='bbox 473 4985 513 5041; x_wconf 91' lang='lat' dir='ltr'><strong>sic</strong></span> <span class='ocrx_word' id='word_1_576' title='bbox 528 4986 624 5055; x_wconf 85' lang='lat' dir='ltr'><strong>legitur</strong></span> <span class='ocrx_word' id='word_1_577' title='bbox 635 4983 796 5056; x_wconf 67' lang='lat' dir='ltr'><strong>episcopie:</strong></span> <span class='ocrx_word' id='word_1_578' title='bbox 812 4985 905 5058; x_wconf 73' lang='lat' dir='ltr'><strong>Epita-</strong></span> 
     </span>
    </p>
   </div>
   <div class='ocr_carea' id='block_1_24' title="bbox 114 5052 807 5197">
    <p class='ocr_par' dir='ltr' id='par_1_42' title="bbox 114 5052 807 5197">
     <span class='ocr_line' id='line_1_94' title="bbox 114 5052 443 5125; baseline 0.009 -17"><span class='ocrx_word' id='word_1_579' title='bbox 114 5052 205 5125; x_wconf 60' lang='lat' dir='ltr'><strong>giban</strong></span> <span class='ocrx_word' id='word_1_580' title='bbox 218 5056 309 5109; x_wconf 69' lang='grc' dir='ltr'>ἀοιιιιιι</span> <span class='ocrx_word' id='word_1_581' title='bbox 320 5052 443 5111; x_wconf 60' lang='lat' dir='ltr'><strong>stertat.</strong></span> 
     </span>
     <span class='ocr_line' id='line_1_95' title="bbox 153 5124 807 5197; baseline 0.005 -18"><span class='ocrx_word' id='word_1_582' title='bbox 153 5133 166 5162; x_wconf 74' lang='lat'>⁸</span> <span class='ocrx_word' id='word_1_583' title='bbox 182 5124 254 5179; x_wconf 70' lang='lat' dir='ltr'><strong>udat.</strong></span> <span class='ocrx_word' id='word_1_584' title='bbox 283 5125 383 5191; x_wconf 71' lang='lat' dir='ltr'><strong>earn,</strong></span> <span class='ocrx_word' id='word_1_585' title='bbox 397 5126 527 5195; x_wconf 67' lang='lat' dir='ltr'><strong>patrinis,</strong></span> <span class='ocrx_word' id='word_1_586' title='bbox 542 5125 569 5181; x_wconf 93' lang='lat' dir='ltr'><strong>in</strong></span> <span class='ocrx_word' id='word_1_587' title='bbox 580 5142 676 5197; x_wconf 85' lang='lat' dir='ltr'><strong>marg„</strong></span> <span class='ocrx_word' id='word_1_588' title='bbox 689 5127 807 5194; x_wconf 83' lang='lat' dir='ltr'><strong>spiritua.</strong></span> 
     </span>
    </p>
   </div>
   <div class='ocr_carea' id='block_1_25' title="bbox 152 5192 906 5267">
    <p class='ocr_par' dir='ltr' id='par_1_43' title="bbox 152 5192 906 5267">
     <span class='ocr_line' id='line_1_96' title="bbox 152 5192 906 5267; baseline 0.004 -18"><span class='ocrx_word' id='word_1_589' title='bbox 152 5192 163 5233; x_wconf 84' lang='lat'><strong>¹</strong></span> <span class='ocrx_word' id='word_1_590' title='bbox 181 5195 248 5250; x_wconf 88' lang='lat' dir='ltr'><strong>ilinc</strong></span> <span class='ocrx_word' id='word_1_591' title='bbox 257 5194 416 5267; x_wconf 69' lang='lat' dir='ltr'><strong>intelligitur</strong></span> <span class='ocrx_word' id='word_1_592' title='bbox 430 5196 587 5253; x_wconf 80' lang='lat' dir='ltr'><strong>Praesitiium</strong></span> <span class='ocrx_word' id='word_1_593' title='bbox 601 5199 724 5253; x_wconf 83' lang='lat' dir='ltr'><strong>abbatem</strong></span> <span class='ocrx_word' id='word_1_594' title='bbox 737 5198 836 5264; x_wconf 75' lang='lat' dir='ltr'><strong>luisse,</strong></span> <span class='ocrx_word' id='word_1_595' title='bbox 849 5198 906 5254; x_wconf 86' lang='lat' dir='ltr'><strong>eui·</strong></span> 
     </span>
    </p>
   </div>
   <div class='ocr_carea' id='block_1_26' title="bbox 955 4837 1750 5263">
    <p class='ocr_par' dir='ltr' id='par_1_44' title="bbox 955 4837 1750 5263">
     <span class='ocr_line' id='line_1_97' title="bbox 955 4837 1750 4920; baseline 0.02 -26"><span class='ocrx_word' id='word_1_596' title='bbox 955 4837 1064 4907; x_wconf 81' lang='lat' dir='ltr'><strong>Frane.)</strong></span> <span class='ocrx_word' id='word_1_597' title='bbox 1080 4838 1163 4892; x_wconf 89' lang='lat' dir='ltr'><strong>llltnm</strong></span> <span class='ocrx_word' id='word_1_598' title='bbox 1178 4841 1269 4894; x_wconf 85' lang='lat' dir='ltr'><strong>luisse.</strong></span> <span class='ocrx_word' id='word_1_599' title='bbox 1298 4840 1352 4896; x_wconf 88' lang='lat' dir='ltr'><strong>Sed</strong></span> <span class='ocrx_word' id='word_1_600' title='bbox 1367 4857 1427 4898; x_wconf 90' lang='lat' dir='ltr'><strong>eom</strong></span> <span class='ocrx_word' id='word_1_601' title='bbox 1452 4844 1496 4900; x_wconf 88' lang='lat' dir='ltr'><strong>ille</strong></span> <span class='ocrx_word' id='word_1_602' title='bbox 1521 4847 1651 4905; x_wconf 79' lang='lat' dir='ltr'><strong>Arcadius</strong></span> <span class='ocrx_word' id='word_1_603' title='bbox 1671 4865 1750 4920; x_wconf 85' lang='lat' dir='ltr'><strong>poter</strong></span> 
     </span>
     <span class='ocr_line' id='line_1_98' title="bbox 956 4905 1744 4990; baseline 0.018 -27"><span class='ocrx_word' id='word_1_604' title='bbox 956 4907 1098 4964; x_wconf 74' lang='lat' dir='ltr'><strong>Placidinae</strong></span> <span class='ocrx_word' id='word_1_605' title='bbox 1109 4905 1207 4972; x_wconf 82' lang='lat' dir='ltr'><strong>tuerit,</strong></span> <span class='ocrx_word' id='word_1_606' title='bbox 1223 4909 1287 4964; x_wconf 91' lang='lat' dir='ltr'><strong>olim</strong></span> <span class='ocrx_word' id='word_1_607' title='bbox 1302 4914 1394 4967; x_wconf 86' lang='lat' dir='ltr'><strong>uraris</strong></span> <span class='ocrx_word' id='word_1_608' title='bbox 1407 4914 1528 4982; x_wconf 76' lang='lat' dir='ltr'><strong>bennui,</strong></span> <span class='ocrx_word' id='word_1_609' title='bbox 1542 4918 1661 4990; x_wconf 81' lang='lat' dir='ltr'><strong>episcopi</strong></span> <span class='ocrx_word' id='word_1_610' title='bbox 1677 4921 1744 4977; x_wconf 77' lang='lat' dir='ltr'><strong>liar·</strong></span> 
     </span>
     <span class='ocr_line' id='line_1_99' title="bbox 956 4978 1748 5059; baseline 0.016 -25"><span class='ocrx_word' id='word_1_611' title='bbox 956 4978 1125 5052; x_wconf 85' lang='lat' dir='ltr'><strong>degalensis,</strong></span> <span class='ocrx_word' id='word_1_612' title='bbox 1139 4979 1174 5033; x_wconf 86' lang='lat' dir='ltr'><strong>ab</strong></span> <span class='ocrx_word' id='word_1_613' title='bbox 1187 4979 1244 5045; x_wconf 90' lang='lat' dir='ltr'><strong>ipso</strong></span> <span class='ocrx_word' id='word_1_614' title='bbox 1255 4996 1321 5034; x_wconf 82' lang='lat' dir='ltr'><strong>vero</strong></span> <span class='ocrx_word' id='word_1_615' title='bbox 1331 4982 1449 5040; x_wconf 76' lang='lat' dir='ltr'><strong>dimisse</strong></span> <span class='ocrx_word' id='word_1_616' title='bbox 1462 4986 1495 5041; x_wconf 89' lang='lat' dir='ltr'><strong>ad</strong></span> <span class='ocrx_word' id='word_1_617' title='bbox 1511 5002 1557 5042; x_wconf 84' lang='lat' dir='ltr'><strong>an.</strong></span> <span class='ocrx_word' id='word_1_618' title='bbox 1570 4987 1640 5059; x_wconf 76' lang='lat' dir='ltr'><strong>bill,</strong></span> <span class='ocrx_word' id='word_1_619' title='bbox 1655 4992 1748 5047; x_wconf 85' lang='lat' dir='ltr'><strong>atinus</strong></span> 
     </span>
     <span class='ocr_line' id='line_1_100' title="bbox 956 5048 1747 5126; baseline 0.015 -21"><span class='ocrx_word' id='word_1_620' title='bbox 956 5048 1101 5105; x_wconf 74' lang='lat' dir='ltr'><strong>verisimile</strong></span> <span class='ocrx_word' id='word_1_621' title='bbox 1119 5048 1242 5117; x_wconf 86' lang='lat' dir='ltr'><strong>ridetur,</strong></span> <span class='ocrx_word' id='word_1_622' title='bbox 1258 5049 1349 5107; x_wconf 79' lang='lat' dir='ltr'><strong>fratris</strong></span> <span class='ocrx_word' id='word_1_623' title='bbox 1361 5054 1440 5124; x_wconf 69' lang='lat' dir='ltr'><strong>nitas,</strong></span> <span class='ocrx_word' id='word_1_624' title='bbox 1456 5056 1541 5111; x_wconf 87' lang='lat' dir='ltr'><strong>adbuc</strong></span> <span class='ocrx_word' id='word_1_625' title='bbox 1554 5060 1628 5126; x_wconf 92' lang='lat' dir='ltr'><strong>pueri</strong></span> <span class='ocrx_word' id='word_1_626' title='bbox 1641 5100 1649 5125; x_wconf 98' lang='lat'><strong>,</strong></span> <span class='ocrx_word' id='word_1_627' title='bbox 1664 5060 1747 5117; x_wconf 79' lang='lat' dir='ltr'><strong>bunos</strong></span> 
     </span>
     <span class='ocr_line' id='line_1_101' title="bbox 957 5119 1746 5195; baseline 0.014 -19"><span class='ocrx_word' id='word_1_628' title='bbox 957 5119 1050 5176; x_wconf 81' lang='lat' dir='ltr'><strong>defleri</strong></span> <span class='ocrx_word' id='word_1_629' title='bbox 1065 5119 1183 5188; x_wconf 89' lang='lat' dir='ltr'><strong>poluisse</strong></span> <span class='ocrx_word' id='word_1_630' title='bbox 1197 5133 1211 5172; x_wconf 86' lang='lat' dir='ltr'><strong>a</strong></span> <span class='ocrx_word' id='word_1_631' title='bbox 1226 5120 1387 5188; x_wconf 79' lang='lat' dir='ltr'><strong>Fortunato,</strong></span> <span class='ocrx_word' id='word_1_632' title='bbox 1406 5125 1450 5193; x_wconf 77' lang='lat' dir='ltr'><strong>qui</strong></span> <span class='ocrx_word' id='word_1_633' title='bbox 1462 5127 1495 5179; x_wconf 88' lang='lat' dir='ltr'><strong>ad</strong></span> <span class='ocrx_word' id='word_1_634' title='bbox 1509 5141 1608 5182; x_wconf 90' lang='lat' dir='ltr'><strong>aunum</strong></span> <span class='ocrx_word' id='word_1_635' title='bbox 1623 5128 1692 5195; x_wconf 73' lang='lat' dir='ltr'><strong>aas,</strong></span> <span class='ocrx_word' id='word_1_636' title='bbox 1715 5139 1746 5187; x_wconf 86' lang='lat' dir='ltr'><strong>ut</strong></span> 
     </span>
     <span class='ocr_line' id='line_1_102' title="bbox 957 5188 1749 5263; baseline 0.011 -15"><span class='ocrx_word' id='word_1_637' title='bbox 957 5205 1029 5263; x_wconf 76' lang='lat' dir='ltr'><strong>sepe</strong></span> <span class='ocrx_word' id='word_1_638' title='bbox 1043 5188 1177 5255; x_wconf 82' lang='lat' dir='ltr'><strong>dtainms,</strong></span> <span class='ocrx_word' id='word_1_639' title='bbox 1199 5206 1309 5247; x_wconf 78' lang='lat' dir='ltr'><strong>venerat</strong></span> <span class='ocrx_word' id='word_1_640' title='bbox 1331 5193 1358 5246; x_wconf 88' lang='lat' dir='ltr'><strong>in</strong></span> <span class='ocrx_word' id='word_1_641' title='bbox 1369 5193 1484 5261; x_wconf 87' lang='lat' dir='ltr'><strong>Gallias,</strong></span> <span class='ocrx_word' id='word_1_642' title='bbox 1507 5194 1559 5251; x_wconf 85' lang='lat' dir='ltr'><strong>nisi</strong></span> <span class='ocrx_word' id='word_1_643' title='bbox 1578 5196 1647 5253; x_wconf 82' lang='lat' dir='ltr'><strong>toric</strong></span> <span class='ocrx_word' id='word_1_644' title='bbox 1661 5204 1749 5257; x_wconf 90' lang='lat' dir='ltr'><strong>multo</strong></span> 
     </span>
    </p>
   </div>
   <div class='ocr_carea' id='block_1_27' title="bbox 113 5260 1748 5408">
    <p class='ocr_par' dir='ltr' id='par_1_45' title="bbox 113 5260 1748 5408">
     <span class='ocr_line' id='line_1_103' title="bbox 113 5260 1748 5353; baseline 0.004 -32"><span class='ocrx_word' id='word_1_645' title='bbox 113 5278 176 5319; x_wconf 82' lang='lat' dir='ltr'><strong>uam</strong></span> <span class='ocrx_word' id='word_1_646' title='bbox 190 5280 254 5323; x_wconf 86' lang='lat' dir='ltr'><strong>rere</strong></span> <span class='ocrx_word' id='word_1_647' title='bbox 273 5268 438 5349; x_wconf 70' lang='lat' dir='ltr'><strong>mutatasterin</strong></span> <span class='ocrx_word' id='word_1_648' title='bbox 457 5276 597 5340; x_wconf 66' lang='lat' dir='ltr'><strong>mamaea,</strong></span> <span class='ocrx_word' id='word_1_649' title='bbox 622 5268 752 5349; x_wconf 81' lang='lat' dir='ltr'><strong>incertum</strong></span> <span class='ocrx_word' id='word_1_650' title='bbox 776 5278 828 5329; x_wconf 85' lang='lat' dir='ltr'><strong>est,</strong></span> <span class='ocrx_word' id='word_1_651' title='bbox 844 5284 904 5323; x_wconf 82' lang='lat' dir='ltr'><strong>euin</strong></span> <span class='ocrx_word' id='word_1_652' title='bbox 958 5274 1018 5350; x_wconf 75' lang='lat' dir='ltr'><strong>post</strong></span> <span class='ocrx_word' id='word_1_653' title='bbox 1032 5276 1092 5329; x_wconf 75' lang='lat' dir='ltr'><strong>etus</strong></span> <span class='ocrx_word' id='word_1_654' title='bbox 1106 5260 1206 5315; x_wconf 88' lang='lat' dir='ltr'><strong>obitum</strong></span> <span class='ocrx_word' id='word_1_655' title='bbox 1220 5261 1272 5317; x_wconf 86' lang='lat' dir='ltr'><strong>bne</strong></span> <span class='ocrx_word' id='word_1_656' title='bbox 1286 5277 1381 5343; x_wconf 72' lang='lat' dir='ltr'><strong>poetata</strong></span> <span class='ocrx_word' id='word_1_657' title='bbox 1396 5265 1422 5319; x_wconf 92' lang='lat' dir='ltr'><strong>in</strong></span> <span class='ocrx_word' id='word_1_658' title='bbox 1438 5267 1550 5334; x_wconf 89' lang='lat' dir='ltr'><strong>gratiam</strong></span> <span class='ocrx_word' id='word_1_659' title='bbox 1571 5267 1715 5353; x_wconf 70' lang='lat' dir='ltr'><strong>i’lacidlnat</strong></span> <span class='ocrx_word' id='word_1_660' title='bbox 1728 5286 1748 5328; x_wconf 89' lang='lat' dir='ltr'><strong>a</strong></span> 
     </span>
     <span class='ocr_line' id='line_1_104' title="bbox 113 5332 1744 5408; baseline 0.007 -25"><span class='ocrx_word' id='word_1_661' title='bbox 113 5338 278 5392; x_wconf 65' lang='lat' dir='ltr'><strong>nocensne·</strong></span> <span class='ocrx_word' id='word_1_662' title='bbox 297 5349 408 5391; x_wconf 70' lang='lat' dir='ltr'><strong>misane</strong></span> <span class='ocrx_word' id='word_1_663' title='bbox 421 5352 546 5394; x_wconf 69' lang='lat' dir='ltr'><strong>occurm</strong></span> <span class='ocrx_word' id='word_1_664' title='bbox 566 5337 593 5394; x_wconf 72' lang='lat' dir='ltr'><strong>i.</strong></span> <span class='ocrx_word' id='word_1_665' title='bbox 614 5338 748 5408; x_wconf 71' lang='lat' dir='ltr'><strong>catalogis</strong></span> <span class='ocrx_word' id='word_1_666' title='bbox 769 5340 903 5395; x_wconf 56' lang='lat' dir='ltr'><strong>abbatum</strong></span> <span class='ocrx_word' id='word_1_667' title='bbox 959 5333 1104 5387; x_wconf 69' lang='lat' dir='ltr'><strong>Portunata</strong></span> <span class='ocrx_word' id='word_1_668' title='bbox 1118 5332 1300 5387; x_wconf 88' lang='lat' dir='ltr'><strong>elucubratum</strong></span> <span class='ocrx_word' id='word_1_669' title='bbox 1314 5332 1394 5387; x_wconf 82' lang='lat' dir='ltr'><strong>tuisse</strong></span> <span class='ocrx_word' id='word_1_670' title='bbox 1413 5336 1638 5393; x_wconf 84' lang='lat' dir='ltr'><strong>eredcttdumest.</strong></span> <span class='ocrx_word' id='word_1_671' title='bbox 1653 5339 1744 5397; x_wconf 60' lang='lat' dir='ltr'><strong>flurin</strong></span> 
     </span>
    </p>
   </div>
   <div class='ocr_carea' id='block_1_28' title="bbox 113 5406 766 5620">
    <p class='ocr_par' dir='ltr' id='par_1_46' title="bbox 113 5406 766 5620">
     <span class='ocr_line' id='line_1_105' title="bbox 113 5406 766 5491; baseline 0.005 -30"><span class='ocrx_word' id='word_1_672' title='bbox 113 5406 201 5485; x_wconf 76' lang='lat' dir='ltr'><strong>Regni</strong></span> <span class='ocrx_word' id='word_1_673' title='bbox 212 5408 324 5490; x_wconf 61' lang='lat' dir='ltr'><strong>dulting</strong></span> <span class='ocrx_word' id='word_1_674' title='bbox 339 5407 409 5476; x_wconf 79' lang='lat' dir='ltr'><strong>qaod</strong></span> <span class='ocrx_word' id='word_1_675' title='bbox 423 5423 472 5491; x_wconf 83' lang='lat' dir='ltr'><strong>ego</strong></span> <span class='ocrx_word' id='word_1_676' title='bbox 482 5408 589 5490; x_wconf 66' lang='lat' dir='ltr'><strong>apsidem</strong></span> <span class='ocrx_word' id='word_1_677' title='bbox 601 5410 672 5465; x_wconf 84' lang='lat' dir='ltr'><strong>scire</strong></span> <span class='ocrx_word' id='word_1_678' title='bbox 683 5408 766 5477; x_wconf 86' lang='lat' dir='ltr'><strong>patui.</strong></span> 
     </span>
     <span class='ocr_line' id='line_1_106' title="bbox 151 5478 718 5620; baseline -0.002 -15"><span class='ocrx_word' id='word_1_679' title='bbox 151 5484 167 5583; x_wconf 54' lang='lat' dir='ltr'>t</span> <span class='ocrx_word' id='word_1_680' title='bbox 179 5478 252 5605; x_wconf 47' lang='lat' dir='ltr'><strong>&amp;aiii</strong></span> <span class='ocrx_word' id='word_1_681' title='bbox 264 5479 502 5617; x_wconf 41' lang='grc' dir='ltr'><strong>1ξιοῖιηζ’Βωιίἱιτιιιιιίιξιοιξ</strong></span> <span class='ocrx_word' id='word_1_682' title='bbox 510 5488 602 5620; x_wconf 47' lang='lat' dir='ltr'><strong>digittos</strong></span> <span class='ocrx_word' id='word_1_683' title='bbox 611 5549 718 5604; x_wconf 81' lang='lat' dir='ltr'><strong>baama.</strong></span> 
     </span>
    </p>
   </div>
   <div class='ocr_carea' id='block_1_29' title="bbox 152 5616 906 5695">
    <p class='ocr_par' dir='ltr' id='par_1_47' title="bbox 152 5616 906 5695">
     <span class='ocr_line' id='line_1_107' title="bbox 152 5616 906 5695; baseline 0.007 -23"><span class='ocrx_word' id='word_1_684' title='bbox 152 5616 162 5655; x_wconf 77' lang='lat'>¹</span> <span class='ocrx_word' id='word_1_685' title='bbox 179 5619 246 5674; x_wconf 86' lang='lat' dir='ltr'><strong>ilinc</strong></span> <span class='ocrx_word' id='word_1_686' title='bbox 259 5621 321 5677; x_wconf 81' lang='lat' dir='ltr'><strong>licet</strong></span> <span class='ocrx_word' id='word_1_687' title='bbox 332 5619 462 5689; x_wconf 86' lang='lat' dir='ltr'><strong>suspicari</strong></span> <span class='ocrx_word' id='word_1_688' title='bbox 483 5619 644 5678; x_wconf 82' lang='lat' dir='ltr'><strong>Bobolenutn</strong></span> <span class='ocrx_word' id='word_1_689' title='bbox 663 5632 768 5695; x_wconf 78' lang='lat' dir='ltr'><strong>propter</strong></span> <span class='ocrx_word' id='word_1_690' title='bbox 775 5621 906 5695; x_wconf 73' lang='lat' dir='ltr'><strong>justitiam</strong></span> 
     </span>
    </p>
   </div>
   <div class='ocr_carea' id='block_1_30' title="bbox 111 5688 617 5762">
    <p class='ocr_par' dir='ltr' id='par_1_48' title="bbox 111 5688 617 5762">
     <span class='ocr_line' id='line_1_108' title="bbox 111 5688 617 5762; baseline 0.002 -18"><span class='ocrx_word' id='word_1_691' title='bbox 111 5690 241 5745; x_wconf 64' lang='lat' dir='ltr'><strong>midam</strong></span> <span class='ocrx_word' id='word_1_692' title='bbox 250 5691 292 5746; x_wconf 86' lang='lat' dir='ltr'><strong>sle</strong></span> <span class='ocrx_word' id='word_1_693' title='bbox 302 5702 459 5762; x_wconf 83' lang='lat' dir='ltr'><strong>percussum</strong></span> <span class='ocrx_word' id='word_1_694' title='bbox 473 5688 617 5747; x_wconf 85' lang='lat' dir='ltr'><strong>interiisse.</strong></span> 
     </span>
    </p>
   </div>
   <div class='ocr_carea' id='block_1_31' title="bbox 956 5402 1748 5760">
    <p class='ocr_par' dir='ltr' id='par_1_49' title="bbox 956 5402 1748 5760">
     <span class='ocr_line' id='line_1_109' title="bbox 957 5402 1745 5483; baseline 0.016 -28"><span class='ocrx_word' id='word_1_695' title='bbox 957 5403 1048 5472; x_wconf 83' lang='lat' dir='ltr'><strong>itaque</strong></span> <span class='ocrx_word' id='word_1_696' title='bbox 1059 5402 1135 5483; x_wconf 75' lang='lat' dir='ltr'><strong>illam</strong></span> <span class='ocrx_word' id='word_1_697' title='bbox 1146 5417 1188 5482; x_wconf 37' lang='lat' dir='ltr'><strong>&#39;ex</strong></span> <span class='ocrx_word' id='word_1_698' title='bbox 1208 5402 1314 5457; x_wconf 76' lang='lat' dir='ltr'><strong>Arcadii</strong></span> <span class='ocrx_word' id='word_1_699' title='bbox 1336 5413 1423 5458; x_wconf 90' lang='lat' dir='ltr'><strong>ortum</strong></span> <span class='ocrx_word' id='word_1_700' title='bbox 1439 5406 1559 5477; x_wconf 83' lang='lat' dir='ltr'><strong>latnilia,</strong></span> <span class='ocrx_word' id='word_1_701' title='bbox 1575 5424 1655 5481; x_wconf 88' lang='lat' dir='ltr'><strong>quam</strong></span> <span class='ocrx_word' id='word_1_702' title='bbox 1670 5411 1745 5483; x_wconf 77' lang='lat' dir='ltr'><strong>cius·</strong></span> 
     </span>
     <span class='ocr_line' id='line_1_110' title="bbox 956 5471 1748 5613; baseline 0.011 -16"><span class='ocrx_word' id='word_1_703' title='bbox 956 5473 1016 5582; x_wconf 56' lang='lat' dir='ltr'><strong>dein</strong></span> <span class='ocrx_word' id='word_1_704' title='bbox 1029 5472 1113 5598; x_wconf 55' lang='lat' dir='ltr'><strong>m</strong></span> <span class='ocrx_word' id='word_1_705' title='bbox 1122 5471 1281 5611; x_wconf 54' lang='lat' dir='ltr'><strong>lidiiepiema</strong></span> <span class='ocrx_word' id='word_1_706' title='bbox 1292 5542 1319 5597; x_wconf 91' lang='lat' dir='ltr'><strong>in</strong></span> <span class='ocrx_word' id='word_1_707' title='bbox 1333 5542 1401 5600; x_wconf 80' lang='lat' dir='ltr'><strong>Van.</strong></span> <span class='ocrx_word' id='word_1_708' title='bbox 1413 5543 1484 5601; x_wconf 83' lang='lat' dir='ltr'><strong>Edit.</strong></span> <span class='ocrx_word' id='word_1_709' title='bbox 1497 5557 1526 5602; x_wconf 89' lang='lat' dir='ltr'><strong>et</strong></span> <span class='ocrx_word' id='word_1_710' title='bbox 1539 5565 1594 5609; x_wconf 91' lang='grc' dir='ltr'>ιιιιο</span> <span class='ocrx_word' id='word_1_711' title='bbox 1607 5550 1675 5610; x_wconf 78' lang='lat' dir='ltr'><strong>Coti.</strong></span> <span class='ocrx_word' id='word_1_712' title='bbox 1686 5551 1748 5613; x_wconf 76' lang='lat' dir='ltr'><strong>lat,</strong></span> 
     </span>
     <span class='ocr_line' id='line_1_111' title="bbox 993 5612 1521 5676; baseline 0.006 -7"><span class='ocrx_word' id='word_1_713' title='bbox 993 5624 1013 5653; x_wconf 80' lang='lat'><strong>¹¹¹</strong></span> <span class='ocrx_word' id='word_1_714' title='bbox 1034 5614 1092 5669; x_wconf 79' lang='lat' dir='ltr'><strong>Duo</strong></span> <span class='ocrx_word' id='word_1_715' title='bbox 1107 5612 1192 5667; x_wconf 78' lang='lat' dir='ltr'><strong>eodd</strong></span> <span class='ocrx_word' id='word_1_716' title='bbox 1208 5613 1280 5676; x_wconf 77' lang='lat' dir='ltr'><strong>lat,</strong></span> <span class='ocrx_word' id='word_1_717' title='bbox 1296 5624 1322 5667; x_wconf 85' lang='lat' dir='ltr'><strong>ut</strong></span> <span class='ocrx_word' id='word_1_718' title='bbox 1337 5621 1431 5669; x_wconf 73' lang='lat' dir='ltr'><strong>teneris</strong></span> <span class='ocrx_word' id='word_1_719' title='bbox 1444 5619 1521 5674; x_wconf 85' lang='lat' dir='ltr'><strong>annia</strong></span> 
     </span>
     <span class='ocr_line' id='line_1_112' title="bbox 994 5681 1514 5760; baseline 0.008 -19"><span class='ocrx_word' id='word_1_720' title='bbox 994 5694 1009 5723; x_wconf 73' lang='lat'>⁸</span> <span class='ocrx_word' id='word_1_721' title='bbox 1028 5686 1058 5743; x_wconf 84' lang='lat' dir='ltr'><strong>lu</strong></span> <span class='ocrx_word' id='word_1_722' title='bbox 1072 5697 1126 5740; x_wconf 89' lang='lat' dir='ltr'><strong>una</strong></span> <span class='ocrx_word' id='word_1_723' title='bbox 1139 5681 1205 5740; x_wconf 78' lang='lat' dir='ltr'><strong>Coti.</strong></span> <span class='ocrx_word' id='word_1_724' title='bbox 1218 5681 1296 5752; x_wconf 79' lang='lat' dir='ltr'><strong>lat,</strong></span> <span class='ocrx_word' id='word_1_725' title='bbox 1312 5684 1390 5741; x_wconf 74' lang='lat' dir='ltr'><strong>nullu</strong></span> <span class='ocrx_word' id='word_1_726' title='bbox 1403 5687 1514 5760; x_wconf 77' lang='lat' dir='ltr'><strong>pendat.</strong></span> 
     </span>
    </p>
   </div>
   <div class='ocr_carea' id='block_1_32' title="bbox 0 0 1913 6128">
    <p class='ocr_par' dir='ltr' id='par_1_50' title="bbox 0 0 1913 6128">
     <span class='ocr_line' id='line_1_113' title="bbox 0 0 1913 6128; baseline 0 0"><span class='ocrx_word' id='word_1_727' title='bbox 0 0 1913 6128; x_wconf 95' lang='lat' dir='ltr'><strong> </strong></span> 
     </span>
    </p>
   </div>
  </div>
 </body>
</html>
