3810 6128
173 266 225 327 tet
752 271 873 330 sutori
895 272 1050 330 abluant
1070 268 1215 332 aruntis
1750 276 1805 334 'tte

182 382 261 441 ⁸Sed
286 393 316 443 et
342 387 393 445 boe
417 388 546 446 leotorem
572 386 769 444 admonendum
792 388 955 458 putavimus,
974 390 1161 459 naunotabit,
1183 391 1256 462 quod
1279 391 1388 447 minima
1410 389 1445 447 de
1464 389 1588 448 marinis
1609 404 1661 462 per
1684 393 1803 463 populos

172 475 246 548 quod
259 476 294 534 de
307 477 393 535 beatu
411 479 546 536 memorius
562 479 632 547 viro,
647 479 725 550 plura
738 477 830 534 studio
843 477 962 534 brevita—
1013 480 1085 538 larua
1098 482 1134 540 do
1147 481 1244 540 eodem
1263 482 1342 539 beato
1358 483 1418 538 siro
1432 481 1567 553 divulgata
1582 481 1752 554 disperserit.
1767 485 1802 538 ad

170 575 217 643 tls,
228 576 308 632 etiarn
323 578 459 633 mernoriae
470 576 559 646 digna,
570 592 587 632 a
597 575 678 633 nobis
687 583 750 632 sunt
760 575 959 648 praetermissa
1011 572 1110 631 borum
1122 588 1272 644 paucorum
1295 572 1536 645 comparationem,
1551 587 1612 644 qun
1625 588 1698 630 nune
1712 573 1804 631 breri-

170 669 288 739 etquosi
303 684 387 740 pauca
401 668 436 726 de
449 668 582 741 plurimis,
597 669 633 725 ob
647 668 805 726 evitandum
821 668 957 727 fastidium
1012 673 1055 721 ter
1075 679 1190 722 enarare
1215 663 1392 737 disponimus.
1418 663 1487 721 Ilinc
1508 673 1571 736 pest
1593 665 1665 721 bane
1688 665 1804 738 priuram

172 761 315 828 lectorum,
327 762 381 818 sint
394 772 515 818 exarata.
1012 755 1244 829 praefatiunculam
1269 756 1303 812 de
1337 756 1422 811 nostri
1434 755 1588 829 vocamine
1611 755 1756 826 prresulis,
1777 755 1806 810 in

208 852 241 908 Et
255 855 316 923 troo,
332 863 361 911 ut
375 857 499 922 arbitror,
524 856 640 927 ursisque
659 855 719 914 lano
743 857 862 914 lecturus
885 854 959 913 lorte
1013 849 1127 909 exordio
1137 847 1273 915 seeundo,
1286 846 1342 904 lleo
1354 845 1515 915 auxillante,
1526 845 1652 903 iutimare
1663 845 1804 905 exordiar.

173 989 528 1023 μ--υ-ο--ι

690 1088 838 1154 ructrtr
861 1084 1075 1152 PIIAEFA'I'IO
1095 1085 1298 1164 securint.

204 1300 253 1370 Vir
265 1321 325 1370 erat
337 1312 397 1368 ritu
411 1311 572 1368 venerabilis
586 1318 614 1366 et
629 1311 716 1368 beatu
730 1314 879 1383 memoriae,
896 1329 959 1374 mo·
973 1328 998 1389 Β
1012 1314 1049 1373 ite
1063 1313 1099 1372 de
1111 1321 1207 1372 metro
1224 1312 1424 1386 prophetizavit
1444 1321 1560 1386 patrono
1573 1314 1655 1374 sicuti
1674 1315 1757 1376 nobis
1769 1317 1808 1376 rb

169 1404 349 1462 werimum
362 1411 440 1475 pater
452 1409 481 1460 et
493 1402 639 1469 fundarum
654 1417 716 1460 eum
738 1403 809 1461 lona
822 1407 960 1478 propbeta
1015 1405 1136 1478 antiquis
1150 1404 1279 1462 traditum
1294 1405 1415 1476 expertis
1428 1412 1597 1476 compertum
1610 1405 1737 1467 babetur.

168 1498 362 1569 homonymum
375 1492 489 1551 sortitus
504 1501 547 1550 ert
564 1506 676 1551 nomeu.
692 1492 759 1551 llam
771 1493 837 1552 lieet
850 1490 969 1571 direrso'
1052 1496 1269 1578 tupoovrurmis,
1290 1492 1389 1567 inquit,
1410 1495 1578 1567 temporibus
1600 1496 1705 1566 romu,
1730 1498 1808 1560 ultus

160 1587 251 1649 'utum
278 1586 448 1646 diversarum
471 1602 541 1644 sono
564 1586 732 1657 linguamm,
757 1602 840 1645 uuam
866 1595 961 1647 tamen
1010 1592 1167 1650 naseiturus
1189 1596 1243 1660 est,
1266 1588 1345 1661 ouius
1366 1602 1465 1646 nomen
1480 1586 1610 1647 Columba
1634 1605 1686 1663 per
1705 1606 1806 1652 omnes

170 1678 418 1750 ammonerent
431 1676 581 1749 einnffiffllt
594 1678 648 1735 hoc
660 1676 734 1749 quod
746 1677 961 1737 liebraieediel·
1011 1684 1164 1742 iusrrlunrmv
1182 1681 1283 1740 0oeani
1308 1681 1461 1754 provincias
1480 1681 1664 1755 divulgabitur
1685 1692 1803 1755 uotum

169 1767 552 1837 turcomannorum
576 1776 590 1805 ⁸
611 1770 769 1839 ursmare,
791 1768 961 1840 Perennem,
1012 1774 1213 1845 novissimaque
1235 1772 1309 1830 orbis
1332 1779 1456 1845 tempora
1474 1771 1548 1831 clare
1570 1773 1805 1851 illustrabitflel

170 1863 290 1931 souitut3
304 1862 441 1921 erbatina
455 1859 547 1930 lingua
564 1859 895 1933 crisolaumoupatur.
1011 1872 1042 1923 et
1065 1863 1150 1939 ipsius
1180 1863 1296 1921 duorum
1326 1863 1552 1921 monasteriorum
1580 1865 1689 1935 agelluli
1720 1867 1803 1927 unire

204 1952 272 2013 Iale
284 1961 445 2025 tantumque
456 1950 618 2008 uocabulum
630 1950 735 2007 homiui
757 1950 816 2017 lter,
830 1966 886 2008 non
901 1950 963 2009 elue
1011 1955 1178 2028 rmptsoutae
1188 1954 1331 2012 intemallo
1340 1954 1597 2012 distenuiuabuutrr
1607 1974 1615 2011 ε
1626 1957 1712 2015 bomo
1723 1957 1804 2018 vaide

168 2051 263 2108 diviua
276 2048 451 2107 Prouidentia
473 2048 587 2104 inditum
599 2061 661 2106 erse
683 2039 833 2106 oredimus.
846 2046 914 2105 llam
933 2053 962 2102 et
1011 2047 1069 2104 bno
1080 2048 1190 2113 obarru,
1210 2058 1239 2104 er
1252 2047 1362 2118 grandis
1375 2063 1468 2106 eoram
1482 2049 1541 2123 ipro
1559 2049 1661 2107 meriti.

166 2140 244 2214 quta
266 2141 474 2214 Evangeliorum
498 2140 579 2198 fldem
606 2140 725 2214 Spiritus
744 2149 856 2199 narretur
879 2152 963 2210 auper
1048 2136 1331 2210 liujusipituruostri
1348 2137 1584 2195 columbarium
1607 2148 1636 2197 et
1649 2139 1808 2200 moresde·

170 2233 337 2307 neheuitunr
355 2232 451 2292 aterni
470 2229 561 2289 Patris
574 2230 673 2288 Filium
687 2230 862 2288 deseendisse
883 2244 961 2286 mou·
1018 2232 1153 2298 scribens,
1168 2231 1300 2302 imprimit
1312 2231 1403 2288 brevls
1420 2233 1553 2290 sermonis
1567 2240 1653 2301 terto,
1668 2232 1696 2290 in
1720 2247 1808 2306 unau-

172 2331 279 2381 mmr
290 2323 318 2378 in
331 2319 421 2379 iorma
432 2320 629 2378 liliosavioulu
638 2333 699 2390 pure
710 2320 834 2378 columba
849 2318 961 2376 dieitur.
1012 2331 1069 2380 turo
1083 2322 1214 2390 valuero,
1231 2322 1345 2378 strictim
1365 2322 1605 2395 comprehendam,
1619 2331 1648 2382 ct
1670 2333 1736 2383 ante
1748 2326 1808 2385 lee-

175 2408 253 2475 linde
268 2409 429 2485 pierumque
441 2411 468 2466 irr
482 2412 662 2467 samosanctis
676 2410 752 2468 libris
764 2411 877 2483 mystioe
900 2409 962 2484 Spi-
1013 2410 1080 2469 toris
1098 2411 1193 2469 oculos
1217 2421 1341 2469 sancum
1355 2412 1415 2486 ep’us
1438 2415 1677 2474 conversationem
1701 2416 1808 2490 pariter

170 2504 254 2565 rtrum
275 2512 400 2563 numum
419 2500 572 2576 sleuidcare
589 2502 767 2574 dignoscitur.
792 2502 911 2561 Proinde
931 2513 969 2560 et·
1011 2517 1157 2574 exponam.
1192 2502 1245 2561 Sed
1280 2511 1310 2559 et
1334 2503 1370 2560 de
1397 2505 1535 2562 miraculis
1568 2505 1627 2578 eius
1663 2508 1808 2566 areunae

169 2594 296 2656 Salvator
317 2595 344 2652 iu
366 2592 515 2666 Eranpliu
535 2593 594 2652 suis
616 2592 745 2663 prampit
768 2592 915 2663 discipulis,
932 2600 973 2648 ut.
1012 2594 1133 2664 qmdam
1157 2594 1234 2665 quasi
1257 2593 1419 2664 tepentibus,
1441 2595 1519 2652 avide
1539 2597 1732 2668 prepostero·
1756 2612 1808 2669 po-

168 2683 394 2745 columbanum
413 2684 495 2742 eorde
508 2698 577 2757 puro
598 2682 728 2739 insertam
750 2682 954 2754 simplieitatem
973 2699 997 2762 (ς
1013 2699 1097 2742 uaur:
1122 2698 1182 2756 qum
1208 2691 1300 2739 tamen
1328 2683 1440 2741 inlerius
1463 2700 1512 2756 per
1535 2693 1591 2744 tres
1612 2685 1697 2744 divisa
1720 2686 1808 2744 libros

169 2762 353 2835 ouutmcreut.
366 2773 496 2832 Columba
511 2773 614 2831 etenim
628 2772 795 2845 etsirupler,
808 2772 955 2831 inuocem·
1012 2772 1119 2848 plenius
1146 2774 1364 2847 explicabuntur.
1390 2774 1510 2842 Quorum
1534 2776 1637 2848 primus
1665 2776 1810 2849 propineti-

168 2880 225 2936 pue
237 2865 386 2938 nuncupavi
398 2866 502 2930 debuit,
515 2864 563 2939 qut
577 2866 604 2923 iu
617 2880 648 2922 se
658 2863 822 2923 columbinis
833 2865 958 2922 muribus
1011 2878 1059 2922 ors
1082 2864 1283 2932 revelationes:
1308 2865 1445 2922 recurritur
1469 2880 1537 2922 vero
1560 2867 1666 2924 divinae
1691 2880 1743 2938 per
1765 2867 1809 2938 ip-

168 2955 280 3027 Spldtul
292 2965 389 3016 canoto
403 2957 548 3031 hospitium
570 2954 706 3028 prubultr
723 2956 766 3012 eui
783 2955 885 3012 nomini
904 2970 961 3012 non
1014 2969 1074 3012 snm
1103 2955 1221 3013 virtutes
1246 2953 1377 3023 eliseus:
1402 2955 1498 3013 tersius
1525 2956 1663 3027 angelieas
1693 2957 1807 3031 appari·

170 3048 395 3115 inconvenieuter
409 3049 534 3120 moerore
557 3047 633 3116 illud,
653 3046 727 3119 quod
749 3047 778 3103 lrr
803 3044 973 3104 Prurerbiis'
1011 3047 1100 3104 tiones
1125 3045 1297 3115 continebit,
1327 3054 1356 3105 et
1387 3049 1518 3119 quasdam
1544 3062 1627 3121 super
1664 3047 1807 3107 bominem

169 3139 300 3212 solutor
312 3148 357 3197 est
371 3157 379 3197 r
394 3140 492 3197 Itanos
504 3149 544 3196 ert
557 3156 653 3197 nomen
665 3143 762 3196 borum
775 3155 852 3210 quom
863 3126 971 3197 diritius¹
1013 3137 1062 3196 uer
1083 3137 1204 3196 eoelestis
1218 3137 1388 3196 claritudinis
1401 3137 1643 3196 manifestatione.

168 3230 360 3302 maltoell'rou.
376 3246 442 3298 rrrr,
456 3229 498 3304 l).
1045 3227 1237 3300 ilemoitaque
1262 3244 1308 3287 ure
1331 3230 1365 3286 de
1386 3230 1439 3287 boe
1462 3238 1517 3286 tam
1538 3230 1704 3301 prredleabill
1731 3229 1805 3298 viro,

205 3320 256 3380 Ilio
268 3323 350 3394 igitur
366 3331 459 3384 noster
470 3322 570 3396 praesul
583 3337 638 3380 non
651 3322 789 3380 immerito
801 3337 855 3380 uon
869 3320 960 3381 solum
1010 3327 1060 3376 aut
1083 3319 1229 3378 mentitum
1262 3319 1403 3386 estimet,
1430 3329 1477 3377 aur
1503 3320 1580 3393 quasi
1602 3320 1728 3393 quiedam
1752 3320 1805 3381 du-

170 3413 421 3473 adiebusinluutiu
436 3415 645 3480 noerocabuto,
663 3414 720 3473 beo
739 3414 960 3484 donante,ador·
1009 3409 1054 3468 bia
1076 3411 1119 3468 rel
1139 3410 1243 3469 ineerta
1269 3410 1458 3483 scripturum
1486 3412 1536 3469 red
1568 3426 1602 3469 ee
1623 3429 1685 3485 uuo
1714 3411 1805 3484 maio-

171 3505 374 3577 natusproprio
388 3506 558 3575 dittuseetr
573 3505 716 3563 sedetiam
731 3506 876 3578 praenimis
889 3506 960 3563 mul·
1010 3517 1083 3568 rom,
1109 3498 1284 3574 fideliumque
1301 3503 1430 3571 virorum,
1444 3502 1544 3558 tradita
1558 3512 1737 3574 expertorum
1756 3516 1804 3559 ou·

170 3605 260 3651 torum
286 3586 369 3669 cyclis
392 3611 525 3655 annorum
541 3605 605 3653 ante
632 3612 690 3654 sum
714 3598 863 3654 nativitatis
888 3597 960 3654 dlem
1009 3592 1090 3664 errori
1117 3591 1250 3649 relatione
1264 3592 1453 3662 armantium
1474 3593 1572 3650 etsie
1593 3592 1649 3650 ulla
1671 3592 1803 3664 ambigui·

171 3684 387 3743 orridamcbrIsti
406 3705 422 3742 n
434 3687 495 3754 iliti,
506 3687 607 3761 Spiritu
618 3684 869 3766 sanctorevelante,
882 3688 960 3761 quasi
1011 3692 1067 3742 ute
1087 3695 1099 3724 θ
1116 3691 1324 3742 carraxaturum
1338 3684 1414 3741 sciat.
1435 3682 1470 3740 Et
1484 3680 1526 3741 rel
1540 3700 1574 3744 et
1593 3683 1646 3750 bit,
1665 3697 1727 3754 (Μ
1739 3692 1803 3740 ²⁰¹0

172 3772 244 3833 dilue
255 3776 474 3848 repromissionis
488 3777 603 3835 mirabili
614 3778 822 3850 prophetatione
834 3778 959 3839 nomina·
1009 3789 1062 3832 nus
1073 3775 1174 3832 inserta
1198 3774 1304 3848 paginis
1317 3774 1447 3846 reperire
1461 3773 1618 3845 potuimus,
1634 3781 1666 3828 ut
1682 3789 1718 3831 er
1737 3772 1801 3837 bie,

169 3873 215 3929 lut
230 3876 283 3929 ott.
1009 3881 1069 3942 quor
1083 3866 1173 3923 audiri
1200 3867 1235 3922 ab
1254 3866 1374 3937 expertis
1392 3864 1552 3935 quibusdam
1576 3863 1713 3932 lilelibus,
1727 3863 1801 3921 auti·

206 3954 274 4014 iiam
287 3959 396 4029 quidam
419 3961 571 4036 proselytus
598 3962 685 4020 Britto
697 4004 706 4033 ,
718 3962 811 4020 'bomo
837 3971 958 4031 sanetus,
1009 3959 1079 4031 quis,
1104 3959 1164 4017 siue
1189 3957 1244 4014 ulla
1257 3957 1428 4014 dubitatione
1444 3956 1628 4027 narrantibus,
1641 3956 1801 4028 diligentius

172 4048 678 4131 uuurt‘.urctrepisoopiorsor'putue,
689 4053 826 4115 uereor·
837 4056 956 4126 nonne.
972 4047 1352 4143 ”semitoniu'dldidmm
1379 4072 1382 4077 ·

204 4187 217 4216 ⁶
237 4183 311 4263 tego
323 4191 488 4272 nepwsrpeis.
726 4232 730 4239 .
1010 4152 1198 4273 subjiciemus,
1220 4187 1254 4246 de
1268 4188 1427 4258 liminium
1441 4188 1534 4273 .⁰·.¹⁰·
1549 4187 1627 4273 beria
1646 4188 1799 4247 litterarum

204 4253 782 4400 ¹r'iffes‘tefziceuslessiptorum‚siedldlrelmrrs,
796 4343 880 4401 quem
895 4345 959 4389 mox
1010 4259 1134 4387 Iiprisssb¹¹⁸
1165 4275 1194 4314 m
1218 4261 1358 4375 ‘mma’
1389 4269 1495 4381 mm
1513 4263 1625 4363 mm
1652 4267 1799 4318 mm

584 4608 840 4691 INCIPIT
884 4604 1070 4686 LIBER
1112 4603 1380 4695 PRIMUS,

609 4830 616 4843 ⁸
696 4765 740 4818 ns
754 4761 963 4815 proruamus
979 4757 1263 4812 rurrumrontuus.

201 4952 222 5010 t.
232 4951 348 5010 Sanotrn
357 4951 437 5022 igitur
451 4943 581 5009 Columba
596 4953 732 5011 nobilibus
755 4952 844 5011 luerat
857 4953 952 5010 orlon·
1005 4942 1797 5020 donantecustodlenv:uunmrlslnterrapositus,eoeleeti-

168 5051 219 5110 due
229 5044 401 5118 periurium,
422 5053 527 5116 patrem
547 5045 649 5102 babens
663 5044 846 5111 Iledilin'tum,
867 5045 952 5100 lilium
1004 5040 1056 5099 but
1069 5050 1201 5111 reaptum
1215 5040 1335 5097 moribus
1345 5039 1515 5097 ostendebat.
1525 5037 1589 5094 Erat
1599 5038 1673 5095 enim
1683 5045 1796 5110 aspectu

169 5143 300 5211 fusuro,
319 5144 434 5192 matrem
456 5133 601 5192 AEtbueanr
618 5136 752 5194 nomino:
773 5136 850 5206 cujus
877 5144 954 5206 pater
1005 5131 1161 5202 angelicum
1178 5145 1304 5188 sermone
1323 5129 1439 5197 nitidum
1453 5144 1536 5202 opere
1548 5128 1796 5200 eructuarluuerrio

165 5226 250 5286 latine
266 5226 351 5285 Filius
369 5225 452 5284 Navis
471 5227 525 5285 diei
545 5234 647 5298 potest,
664 5226 769 5284 Scoticr
786 5243 851 5284 vern
863 5227 953 5297 l'ngua
1006 5225 1146 5295 optimum
1165 5224 1282 5280 murillo
1294 5236 1417 5292 magnum
1429 5237 1478 5293 per
1497 5235 1585 5278 annos
1599 5219 1637 5276 bt
1656 5219 1797 5287 lruulanu

163 5304 305 5391 muare.
316 5318 366 5376 llio
376 5317 645 5390 anuoecoundupnst
654 5316 954 5383 Culedebrirrebellum,
1006 5315 1085 5373 miles
1107 5323 1150 5371 est
1162 5323 1296 5372 versatur.
1316 5314 1422 5370 Nullum
1434 5315 1515 5371 etiam
1530 5313 1611 5371 unius
1619 5313 1695 5369 born
1713 5311 1797 5368 iuter·

165 5411 335 5468 nudavere
362 5423 417 5466 suu
437 5406 518 5478 lide
536 5407 629 5466 Sootia
650 5407 686 5465 ad
703 5407 870 5464 Britanniam
899 5422 950 5478 pro
1003 5403 1104 5461 vallum
1120 5402 1234 5459 rransire
1258 5410 1374 5474 poteras,
1390 5418 1511 5474 quonorr
1523 5410 1571 5459 aut
1595 5401 1725 5464 omtioui.
1749 5406 1797 5458 rut

155 5490 274 5559 'cbristo
290 5499 456 5574 peregrinari
475 5499 569 5557 voleus
595 5499 757 5568 enavigavit.
775 5495 826 5565 Qui
840 5495 950 5553 etiauu
1003 5493 1125 5561 lectioni,
1137 5492 1178 5549 rel
1193 5492 1352 5563 emptioni,
1378 5492 1516 5549 ueletiam
1538 5491 1622 5548 alieul
1642 5490 1796 5563 operationi

164 5603 252 5662 puero
263 5589 371 5647 deditus
382 5589 536 5647 Christiano
549 5589 692 5664 tyrocinio,
707 5595 734 5645 et
747 5587 884 5659 sapientire
894 5593 952 5643 stu·
1004 5585 1183 5643 incumberet.
1195 5584 1394 5656 ieiunationum
1401 5599 1510 5656 quoque
1517 5592 1547 5641 et
1555 5583 1706 5655 vigiliarum
1716 5584 1796 5642 inde·

163 5678 228 5750 tiis.
244 5678 424 5752 lutesriratom
442 5683 563 5755 corporis
576 5693 604 5741 er
615 5683 712 5741 animur
722 5681 876 5756 puritatem,
894 5679 950 5738 beo
1007 5677 1093 5738 iesus
1102 5675 1325 5748 laborationibus,
1334 5675 1453 5736 siueulia
1463 5674 1664 5735 lutermlrtioue
1674 5674 1719 5733 diu
1728 5689 1797 5732 noc·
