3810 6128
136 306 189 365 tta
721 306 767 365 DE
784 307 882 365 LOClS
900 307 1044 366 sauctts
1063 303 1128 367 tiu.
1147 309 1179 365 ll.
1708 325 1762 383 pqq

136 418 215 477 raldo
228 414 396 489 par-lactus,
409 412 444 469 ad
459 413 601 469 bominum
618 414 735 485 locutus,
748 417 804 473 ait:
821 416 922 473 Burrum
936 423 958 477 Α
973 414 1083 493 AEqyptt
1099 420 1195 489 luerat,
1213 421 1345 481 Hebraico
1357 423 1422 480 olim
1439 426 1479 483 No
1493 430 1660 489 vocitabatur
1675 454 1681 489 :
1697 441 1762 497 urbs

135 517 176 567 aet
189 522 237 562 aas
251 506 293 559 hir
312 520 387 568 eree,
407 504 535 574 sedemus
549 505 590 557 hic
610 506 661 560 triu
680 506 861 574 tabernaculo,
878 508 924 563 tili
975 510 1054 567 valde
1067 511 1209 583 populosa,
1223 529 1283 583 quae
1296 513 1330 569 ab
1343 515 1493 576 alexandro
1508 536 1572 591 repe
1584 522 1761 585 Macedonum

139 612 231 663 annm,
245 603 271 649 et
284 591 371 665 lloqci
389 609 478 657 unam,
493 603 518 647 et
532 592 600 650 lilio
619 611 698 650 unum
718 595 826 667 (hluttlr.
846 598 923 663 mir).
974 600 1095 671 ejusdem
1110 603 1250 660 conditore
1264 604 1378 674 samosat,
1388 607 1550 669 Alexandria
1565 625 1630 673 noto
1641 632 1690 688 per
1700 623 1762 677 uoi-

137 685 231 757 ltaquo
250 700 332 755 supra
346 684 486 739 mentor-lli
508 684 674 751 tutlbbilttrilt
689 697 718 741 et
737 689 817 742 trium
837 685 925 743 ecole-
973 707 1068 749 versas
1079 704 1172 764 gentes
1186 696 1342 753 nouriuatur
1354 699 1496 768 uocabulo,
1511 711 1538 758 et
1553 709 1761 775 magnitudinem

135 776 238 832 clarum
260 771 372 829 aedilicia
390 788 450 828 curu
473 772 577 828 cellulis
601 774 804 842 monachorum,
820 775 924 847 lapideo
973 783 1048 839 urbis
1065 794 1093 840 et
1108 801 1204 842 nomeu
1225 788 1360 857 accipiens
1379 790 1413 845 ab
1433 792 1529 849 endem
1554 797 1758 857 peaepptqup,

135 865 226 923 omnia
243 861 489 919 circumveniuntur
502 877 580 915 muro
593 880 599 915 ι
614 862 659 916 ubi
680 871 787 919 sauctus
802 861 927 919 orentius
973 874 1013 931 lta
1027 876 1103 945 cnjus
1116 879 1170 933 situ
1185 879 1266 934 etiam
1282 880 1407 937 hrcullus
1421 898 1560 954 enarrans,
1582 888 1615 944 ab
1638 891 1681 946 his
1701 908 1761 962 qum

135 970 189 1011 una
207 953 356 1023 rumpitatus
368 958 409 1007 til
429 958 509 1005 ¹¹⁰0!ss
531 951 557 1004 5¹¹
578 950 697 1019 ‘iisdem
720 952 805 1008 ⁵²⁰⁰st
826 952 926 1008 ¹¹¹⁰¹¹ii⁸
974 964 1049 1038 prius
1064 966 1181 1023 lectione
1195 968 1349 1037 didicimus,
1365 971 1439 1028 trullo
1454 975 1591 1047 discrepat
1603 980 1694 1037 modo.
1709 981 1762 1053 Qui

135 1044 307 1103 celsitudine.
327 1042 393 1097 Nam
418 1039 513 1097 Petrus
528 1040 680 1111 liurquudio
700 1042 876 1109 christicola,
896 1044 924 1101 iu
974 1054 1008 1111 qb
1030 1053 1224 1127 {liernnolpmis
1244 1059 1418 1129 descendens,
1440 1072 1467 1119 pp
1481 1065 1515 1121 21,
1528 1069 1613 1139 poppe
1635 1073 1763 1143 „apim

136 1134 191 1192 iliis
205 1133 283 1190 terris
295 1132 453 1187 semitarum
464 1133 522 1202 eius
535 1132 641 1200 ductor,
657 1149 710 1189 nou
722 1134 808 1205 ipsum
820 1135 927 1191 sinebat
974 1144 1116 1214 iucipiens,
1130 1162 1163 1200 xa
1179 1147 1238 1218 (aio)
1253 1148 1355 1204 dierum
1371 1151 1422 1206 iter
1434 1168 1517 1223 usque
1526 1156 1560 1210 ad
1574 1157 1761 1216 Alexandriam

135 1226 163 1281 itt
176 1241 232 1281 utro
246 1223 395 1294 eodemque
409 1223 526 1293 bospitio
539 1223 639 1280 diutius
653 1224 802 1293 imitturari,
816 1224 925 1283 lestiua-
975 1232 1081 1305 hahuit,
1098 1236 1133 1291 de
1148 1252 1199 1302 qua
1217 1238 1335 1293 breuiter
1347 1237 1433 1296 Naum
1448 1244 1586 1313 propheta
1605 1262 1695 1304 sermo
1714 1248 1763 1305 ha·

134 1316 218 1373 tiocia
230 1314 339 1371 intuitu.
974 1324 1064 1395 betur,
1085 1326 1122 1381 ita
1136 1327 1270 1384 dicentis:
1285 1330 1358 1401 Aqua
1372 1332 1400 1386 iu
1416 1335 1524 1389 circuitu
1539 1324 1606 1404 eius.
1624 1338 1708 1412 Cujus
1722 1341 1762 1397 di·

170 1404 225 1461 ssd
239 1404 309 1459 iuter
322 1403 379 1459 hac
392 1412 421 1458 et
435 1401 486 1460 hoc
499 1409 541 1458 cst
555 1401 702 1457 notandum
712 1402 785 1473 quod
797 1403 870 1460 illius
883 1403 924 1459 la·
974 1416 1055 1481 vitia,
1071 1433 1161 1483 mare;
1186 1434 1238 1491 aqu
1248 1436 1273 1487 r,
1290 1421 1359 1477 muri
1379 1422 1448 1492 ejus.
1463 1424 1504 1481 dh
1524 1428 1635 1485 australi
1647 1447 1764 1503 namque

137 1496 207 1553 mosi
223 1494 323 1550 montis
334 1507 432 1549 nomeu
441 1491 542 1550 Grecis
552 1491 649 1549 litteris
659 1494 700 1549 tic
709 1500 833 1565 opbrleal
843 1494 924 1550 scribi
973 1514 1051 1577 parte
1065 1507 1142 1563 ostiis
1155 1507 1206 1563 Nili
1221 1507 1339 1567 demittis
1353 1511 1478 1582 cingitur,
1491 1515 1525 1573 ah
1535 1519 1682 1587 aquilonali
1697 1538 1763 1581 vero

135 1602 185 1661 per
197 1596 220 1645 θ
233 1594 262 1642 et
280 1610 301 1641 n
315 1585 434 1655 latagum,
457 1586 569 1661 aeidp3
593 1583 694 1639 Latinis
714 1598 779 1640 tero
801 1584 925 1641 litterulis
975 1592 1063 1664 plaga,
1088 1596 1146 1652 lacu
1164 1595 1321 1655 llatcotico.
1336 1598 1382 1657 Sic
1401 1604 1492 1673 itaque
1504 1604 1657 1679 descriptus
1669 1620 1765 1681 aperte

134 1694 197 1737 eum
220 1676 383 1751 aspiratione
402 1675 521 1744 Thabor,
538 1676 668 1747 producta
689 1677 704 1730 d
726 1676 825 1734 littera.
841 1678 924 1749 liujus
974 1682 1043 1739 situs
1057 1694 1220 1741 monstratur
1234 1685 1302 1757 ejus,
1316 1688 1387 1757 quod
1398 1706 1480 1760 super
1489 1692 1576 1749 Nilum
1588 1705 1616 1751 et
1628 1713 1701 1755 utare
1713 1714 1765 1771 po-

134 1768 327 1841 nathoqrsphia
338 1768 461 1825 vocabuli
472 1769 498 1823 in
509 1768 583 1824 libris
592 1766 743 1825 Graecitatis
752 1779 793 1826 est
803 1770 921 1827 iurcnta.
937 1747 961 1807 Β
975 1774 1038 1842 sita,
1052 1774 1115 1831 hinc
1129 1784 1157 1831 et
1171 1774 1233 1832 inde
1248 1776 1324 1847 aquis
1337 1778 1470 1835 ambiatur
1482 1801 1490 1845 ;
1511 1798 1572 1853 quse
1586 1788 1662 1857 quasi
1675 1788 1765 1847 claus-

407 1880 521 1939 cpqppq
534 1882 648 1939 xxppqp·
975 1872 1045 1921 trum
1066 1866 1136 1921 inter
1150 1865 1296 1939 AEqyptum
1318 1876 1346 1924 ct
1364 1885 1439 1927 mare
1460 1870 1585 1943 llaguum
1610 1876 1762 1949 interjacet,

432 1973 620 2030 „mamm
974 1954 1067 2011 ciuitas
1081 1956 1247 2026 importuosa
1262 1966 1290 2012 et
1312 1956 1346 2012 ah
1368 1969 1482 2016 externo
1504 1960 1621 2019 dilllcilis
1641 1979 1763 2025 accessu.

974 2044 1056 2116 Cujus
1078 2055 1171 2116 portus
1193 2046 1298 2102 ceteris
1321 2046 1468 2118 dilllcilior,
1493 2053 1570 2122 quasi
1593 2053 1627 2109 ad
1648 2055 1763 2113 lormam

974 2134 1085 2191 humani
1097 2141 1218 2207 corporls
1233 2136 1260 2192 iu
1275 2138 1363 2208 capite
1378 2139 1438 2209 ipso
1452 2148 1479 2197 et
1494 2142 1612 2199 statione
1626 2148 1762 2215 capacior,

133 2272 224 2341 puella
233 2269 396 2339 interempto
407 2284 545 2323 murorum
555 2277 597 2322 est
607 2267 709 2323 ambitu
720 2267 920 2333 circumcincta,
974 2226 1001 2329 ib
1014 2226 1133 2283 iau-ibus
1145 2242 1209 2283 tero
1222 2230 1371 2297 supersum,
1387 2243 1440 2299 qua
1456 2242 1560 2288 meatus
1573 2234 1655 2288 maria
1666 2250 1700 2290 ac
1715 2253 1763 2292 na·

133 2361 244 2433 iusuper
253 2374 279 2415 et
291 2360 394 2416 crebris
406 2359 524 2414 turribus
533 2359 708 2424 conrtrtuuita,
721 2358 834 2427 plurima
844 2368 922 2413 oxma
972 2332 1045 2419 ’ΠΨ
1060 2317 1181 2421 ⁵¹¹⁵,cif’n’
1194 2318 1291 2387 quibus
1303 2318 1424 2423 ⁴¹,uaedf'm
1437 2319 1555 2423 ⁸⁹³¹²J¹ffi
1568 2323 1686 2380 ⁸⁰¹³⁵3⁸¹i³
1700 2342 1763 2396 l0l‘

132 2428 227 2507 ΜΝ,
240 2450 343 2505 mens
354 2430 463 2513 olm,
475 2463 555 2518 quam
569 2456 597 2503 et
611 2463 705 2519 magna
725 2447 834 2502 flumina
852 2462 922 2517 qua·
974 2416 1012 2463 lut
1023 2410 1267 2464 subministrantur.
1280 2409 1328 2465 but
1339 2424 1399 2481 quis
1409 2419 1544 2481 augtrsttas
1555 2421 1635 2483 aitque
1645 2430 1676 2471 or
1685 2436 1690 2468 2
1700 2433 1765 2487 por.

126 2551 196 2615 ‚thor
209 2540 390 2599 interfluentia
405 2540 553 2609 garrientes
564 2540 709 2597 loetilleaut.
723 2542 750 2597 lu
763 2556 815 2609 qua
826 2540 922 2595 Satro-
973 2504 1019 2643 :¹¹¹3
1035 2509 1165 2603 eyasim',
1187 2500 1442 2645 ittaquatlu‘requua
1466 2502 1704 2648 ⁰⁰JP⁰¹¹⁸¹s⁰¹¹f¹³‘
1726 2515 1763 2561 ¹¹²

132 2648 264 2691 cenorum
284 2648 331 2689 rrx
351 2632 465 2703 adeptus
484 2641 525 2687 est
548 2633 738 2702 principatum,
761 2640 788 2687 et
813 2639 921 2701 requiam
992 2604 1079 2644 '⁰⁵¹⁰
1099 2602 1180 2644 mans
1209 2604 1278 2660 ⁰⁰3⁸
1302 2599 1494 2662 aequum
1514 2603 1578 2648 ΜΓ·
1606 2611 1622 2648 ¹¹
1641 2600 1762 2664 ‘lumem

132 2724 272 2783 ciibidem
287 2725 314 2780 iu
329 2724 432 2779 boutrre
442 2724 471 2779 S.
483 2722 594 2780 irauuis
607 2724 733 2792 baptistae
744 2724 852 2792 grandis
863 2723 922 2779 lutt-
973 2680 1084 2782 mm
1099 2688 1176 2785 pm?
1198 2690 1292 2750 mus
1305 2697 1386 2783 pm?
1409 2681 1496 2737 imma
1515 2682 1647 2787 habam&
1659 2686 1685 2740 1¹¹
1708 2702 1762 2756 ‘¹¹¹²

133 2814 197 2871 data
210 2823 253 2873 est
266 2816 391 2872 ecclesia.
412 2813 536 2881 Quodam
557 2814 638 2869 etiam
652 2814 863 2869 sarracenorum
876 2829 923 2870 ee·
973 2784 1090 2825 mma
1104 2779 1185 2827 “³¹¹⁵
1199 2778 1250 2836 ω’
1268 2786 1349 2839 qum
1364 2787 1390 2826 ¹¹¹
1405 2786 1547 2827 mmmm
1562 2769 1647 2830 (Μ
1660 2790 1693 2831 ³⁰
1709 2774 1761 2830 ¹⁴⁸⁸

133 2904 215 2963 deria
230 2905 428 2961 incredulorum
449 2905 547 2974 etipsa
561 2905 589 2959 iu
602 2903 697 2959 eadem
708 2904 830 2973 ciuitate,
840 2918 922 2974 quam
973 2860 1023 2915 “¹¹³
1037 2876 1071 2915 ⁰¹
1085 2859 1167 2963 imm?
1181 2858 1625 2965 ¹⁰1J¹⁵¹¹Ph²¹¹¹¹¹¹l⁰05¹²i0¹⁰nb
1643 2866 1762 2968 aequori

134 2996 376 3073 fflpqqmpffi,
391 3008 433 3057 ω
447 3001 585 3057 samem·
974 2948 1053 3021 louge
1066 2965 1082 3005 a
1095 2951 1281 3019 narrqantrbus
1295 2950 1429 3019 rideatur,
1443 2960 1474 3007 ut
1488 2967 1642 3023 prtusquam
1657 2970 1685 3010 m
1698 2972 1762 3028 pqr.

975 3048 1031 3095 tutu
1050 3040 1266 3113 appropinquent
1285 3045 1420 3095 nocturno
1434 3046 1566 3113 ternpore,
1581 3050 1680 3099 terram
1699 3042 1763 3101 ilai·

414 3115 528 3173 CAPUT
546 3115 641 3171 XH-
936 3096 1067 3184 Climant
1082 3128 1176 3185 sibiet
1191 3128 1371 3200 propinquant
1384 3142 1444 3184 esse
1459 3127 1624 3185 llanunarum
1637 3130 1763 3191 lucendio

464 3207 504 3263 De
518 3206 596 3279 Tuto·
974 3227 1149 3291 cognoscant,
1160 3236 1194 3276 ue
1205 3219 1323 3276 tenebris
1334 3217 1440 3290 decepti
1455 3218 1482 3274 ln
1494 3221 1620 3292 scopulos
1633 3221 1763 3292 ittcidant,

167 3312 350 3373 Plurlnmum
361 3321 667 3390 peraqmtorreqionum
682 3326 775 3375 nostor
787 3316 920 3386 lucullus,
973 3321 1021 3371 aut
1038 3328 1072 3370 ne
1092 3310 1219 3370 vestibuli
1238 3310 1350 3368 limitent
1371 3320 1505 3383 nequeant
1523 3312 1762 3383 comprehendere.

133 3404 214 3463 ahur
227 3407 328 3479 ‘iprum
342 3406 474 3467 Phoenicis
489 3410 634 3481 provinciae
648 3410 818 3480 metropolim
838 3412 923 3467 intro-
972 3404 1042 3461 Sunt
1065 3404 1157 3476 itaque
1176 3402 1231 3460 illic
1249 3404 1464 3472 ministratores,
1479 3417 1529 3475 per
1542 3417 1611 3473 quos
1634 3404 1764 3477 subjectis

134 3496 190 3564 lrlt,
203 3512 264 3569 quae
275 3499 406 3555 hebraico
419 3508 447 3555 et
456 3500 525 3571 Syro
538 3514 664 3557 sermone
676 3500 745 3556 Soar
759 3500 920 3572 appellatur,
972 3492 1077 3551 heluus
1088 3496 1246 3564 caeterisque
1260 3494 1394 3565 lignorum
1413 3494 1533 3550 struibus
1543 3494 1670 3551 'adoletur
1683 3495 1761 3567 ignis,

133 3602 193 3657 quae
207 3589 310 3645 nullutn
325 3589 450 3646 hahuisse
462 3590 496 3645 de
505 3598 576 3645 terra
592 3590 731 3645 introitum
746 3590 773 3645 in
785 3588 886 3646 Greci-is
895 3598 923 3646 et
972 3585 1049 3655 quasi
1064 3593 1142 3643 terrm
1153 3592 1180 3640 et
1194 3584 1360 3655 praenuntius
1374 3592 1402 3640 et
1417 3584 1508 3653 index,
1521 3584 1688 3655 portensium
1702 3588 1763 3644 lau·

134 3674 235 3735 hortis
258 3680 435 3749 barbarisque
460 3680 577 3735 historiis
592 3679 701 3747 legitur.
724 3678 777 3735 Sed
791 3689 921 3750 posteaa
972 3677 1043 3734 cium
1067 3676 1257 3733 demonstraus
1280 3677 1440 3746 ingredienti
1460 3678 1607 3746 angustias,
1629 3678 1764 3738 undarmn

134 3766 382 3825 Nabuchodonosor
401 3784 463 3839 repe
485 3769 670 3825 Chaldaeorum
689 3769 776 3839 jactos
795 3783 857 3824 esse
875 3781 922 3835 aq·
972 3770 1048 3825 sinus
1061 3776 1089 3822 et
1103 3767 1228 3823 uestibuli
1250 3767 1388 3823 anlractus
1403 3784 1411 3822 ε
1427 3781 1463 3823 ue
1485 3769 1575 3825 tenuis
1593 3769 1685 3825 carina
1701 3784 1765 3839 per-

134 3872 211 3931 geres
223 3861 344 3916 nonnulii
359 3860 506 3927 aillrmant,
521 3870 548 3917 et
569 3862 603 3915 ab
622 3866 809 3930 oppugnatore
824 3856 922 3925 jaculis
971 3859 1087 3926 stringat
1101 3864 1204 3921 cautes,
1216 3864 1244 3912 et
1258 3856 1286 3911 iu
1301 3856 1359 3925 ipsu
1372 3856 1493 3925 inpressu
1510 3858 1580 3913 inter
1590 3866 1700 3927 opertus
1715 3858 1764 3911 llu-

134 3956 160 4002 et
174 3947 303 4003 arietibus
318 3949 405 4005 locunt
422 3949 504 4005 luisse
519 3957 710 4021 preparatum,
724 3961 757 4002 ac
768 3945 866 4001 deiude
881 3945 922 3999 lu-
972 3950 1063 4003 ctihus
1085 3946 1214 4017 scopulos
1232 3945 1359 4000 edendae.
1380 3946 1473 4017 ltaque
1496 3945 1628 4002 directum
1654 3962 1763 4002 cursum

133 4037 219 4093 tularu
234 4036 332 4094 lactem
347 4054 409 4096 esse
423 4047 451 4094 rt
466 4039 553 4109 campi
570 4038 720 4109 planitiem.
737 4036 798 4091 llmc
810 4034 920 4106 pulchra
972 4038 1108 4110 paulisper
1127 4036 1228 4092 lnllecti
1251 4043 1374 4105 oportet,
1391 4050 1425 4091 ne
1439 4037 1519 4091 caecis
1540 4036 1607 4090 illisa
1629 4037 1703 4092 saxis
1724 4037 1762 4092 i..i

133 4132 161 4181 et
181 4126 280 4182 nobilis
299 4128 377 4183 ualde
392 4138 462 4195 erat,
477 4144 538 4198 ques
553 4145 606 4184 uon
626 4127 758 4182 immerito
772 4126 866 4180 Latine
882 4127 921 4178 in·
972 4129 1096 4184 incurrat
1114 4129 1190 4184 nauis
1204 4126 1364 4196 periculum.
1385 4127 1530 4195 augustior
1543 4128 1614 4182 enim
1632 4128 1720 4183 aditus
1733 4129 1760 4185 in

133 4222 297 4287 terpretaur
314 4218 447 4286 annuum,
462 4234 525 4273 narn
544 4218 668 4273 earrtdem
682 4226 760 4271 terrm
774 4216 921 4272 dimensio·
971 4228 1112 4289 portuum,
1123 4216 1514 4288 quiaderrterapurtelatcrall
1525 4219 1761 4285 arctatur3alacua

134 4320 194 4362 uem
215 4315 327 4377 angusta
349 4309 431 4365 habet
455 4308 544 4364 insula
563 4316 593 4364 ot
611 4307 715 4364 ciuitas.
730 4306 793 4363 ttae
806 4306 834 4362 io
847 4315 920 4363 terra
971 4307 1120 4364 serulatus
1135 4317 1177 4363 ert
1193 4305 1392 4379 partescum
1409 4307 1523 4364 insulam
1538 4322 1603 4378 erqo
1624 4309 1761 4366 instructae

133 4397 269 4454 chanaam
282 4400 369 4471 posita
382 4408 444 4466 est,
459 4399 493 4457 de
507 4416 559 4471 qua
581 4400 678 4455 mulier
691 4398 842 4455 Chanauma
862 4400 920 4456 sire
972 4398 1087 4466 inqendo
1099 4398 1289 4467 magnitudinis
1306 4398 1392 4454 moles
1407 4397 1580 4469 dejiciuutur,
1596 4414 1630 4454 ao
1651 4399 1761 4455 assiduo

134 4482 342 4557 Tymphoenisea
357 4489 384 4545 in
400 4490 546 4559 Evangelio
560 4488 647 4545 luerat
660 4499 882 4545 commemorata.
970 4489 1137 4557 assurgentis
1151 4488 1252 4560 impetu
1263 4488 1356 4555 maris,
1373 4488 1467 4544 insulae
1481 4488 1575 4545 otiliae
1586 4490 1684 4545 cedem
1698 4490 1760 4545 lun·

166 4574 321 4633 Notandum
335 4580 427 4652 itaque
449 4578 577 4652 estquod
591 4580 679 4635 sancti
693 4580 793 4635 hrculli
813 4581 847 4636 de
866 4581 920 4637 situ
970 4576 1108 4647 damouta,
1128 4590 1210 4649 atque
1234 4586 1377 4635 rotulorum
1399 4578 1497 4648 ltrjuria
1519 4578 1762 4637 solummundo

133 4662 196 4738 l'yri
211 4667 309 4725 relatio
320 4672 469 4739 peromnia
479 4670 627 4727 concordat
638 4684 699 4726 oum
714 4670 756 4726 hia
767 4684 827 4740 qua
840 4685 921 4742 supe-
970 4668 1064 4739 procul
1081 4668 1163 4724 dubio
1177 4670 1250 4724 litut
1264 4669 1293 4725 in
1314 4667 1430 4727 aduorso
1450 4670 1521 4726 iuter
1538 4686 1665 4740 scrupeus
1680 4686 1762 4743 rupea

132 4754 191 4810 rius
202 4754 238 4812 do
250 4758 339 4813 uncti
352 4756 508 4831 llieroupmi
521 4759 723 4815 commentariis
737 4760 920 4831 excerptade-
969 4758 1109 4830 molesque
1130 4757 1266 4832 disruptae
1287 4760 1390 4816 canalis
1410 4758 1456 4815 ille
1475 4758 1581 4815 medius
1600 4775 1708 4830 seraper
1725 4761 1762 4816 rit

132 4843 254 4901 tutinus
266 4844 398 4903 Similizer
406 4853 436 4903 et
446 4862 479 4905 ea
492 4862 553 4918 quae
564 4863 646 4918 supra
657 4848 692 4904 de
704 4849 804 4904 montis
813 4848 921 4907 'lhabor
969 4851 1106 4921 inquimus
1118 4860 1200 4921 atquc
1209 4866 1385 4922 exasperaus,
1399 4862 1458 4909 toto
1469 4854 1584 4909 transitu
1595 4855 1762 4923 periculosus

131 4932 185 4991 altu
199 4936 327 4995 etlorttte
345 4938 420 5011 iuxta
448 4941 535 4995 murti
555 4939 656 4996 hrculll
677 4941 860 4997 narrationem
874 4942 921 4997 de-
970 4942 1018 4998 liat
1027 4942 1104 4998 naria
1117 4943 1267 5013 inpransus.
1282 4944 1438 5015 Amplitudo
1450 4954 1540 5000 autem
1556 4959 1652 5015 portus
1663 4946 1763 5002 smilio-

132 5025 298 5097 turpet-ss,
307 5028 383 5085 nullo
391 5029 546 5102 discrepeat
555 5030 634 5087 ruodo
648 5031 683 5087 ab
696 5030 737 5086 his
748 5045 809 5100 que
821 5031 856 5087 de
869 5034 921 5087 situ
970 5048 1030 5089 rum
1044 5031 1153 5101 triptota
1167 5042 1245 5103 patet
1261 5033 1437 5091 dimensione.
1461 5033 1495 5089 lit
1508 5034 1632 5103 quamvis
1644 5033 1761 5089 marium

132 5114 255 5187 ciusdem
268 5123 369 5177 montis
382 5132 410 5178 et
424 5122 490 5177 mira
512 5122 679 5179 rotunditate
698 5131 807 5180 sanctos
826 5122 922 5180 illeru-
971 5132 1118 5195 terupestas
1135 5124 1182 5190 sit,
1197 5124 1270 5180 intus
1285 5126 1490 5180 tutissimusest
1506 5131 1601 5192 portus
1614 5136 1760 5177 mturersa-

132 5218 231 5277 aymus
242 5216 355 5265 narrat:
371 5226 387 5266 a
404 5228 457 5281 quo
470 5213 596 5271 videlieet
609 5213 719 5269 Thabor
732 5220 825 5270 moute
836 5228 922 5285 usque
972 5214 1055 5280 Nune,
1076 5216 1156 5284 quia
1178 5229 1260 5286 supra
1280 5215 1437 5270 mentumis
1457 5210 1589 5279 anqustiis
1609 5218 1691 5281 atque
1710 5211 1762 5267 ‹th-

132 5294 168 5353 to
181 5298 342 5357 Damascum
364 5303 417 5360 iter
432 5313 537 5377 septem
560 5304 627 5381 leil„
647 5303 721 5377 octo]
743 5304 847 5363 dierunt
871 5306 922 5362 Ar·
969 5306 1042 5377 lectu
1057 5306 1177 5364 insultes
1191 5324 1221 5365 so
1234 5308 1317 5364 maris
1331 5306 1436 5375 repellit
1448 5304 1535 5360 undas
1547 5323 1553 5357 :
1566 5302 1761 5377 quampiam,

133 5384 221 5443 ‘illibi
233 5388 338 5448 babuit
970 5398 1111 5470 quonlam}
1126 5414 1176 5469 per
1196 5401 1305 5455 easdem
1326 5397 1480 5469 portuensis
1503 5395 1603 5451 littoris
1623 5397 1761 5465 augustias

355 5555 362 5568 ,
421 5464 535 5571 mm
549 5465 632 5571 m·
972 5493 1057 5548 totius
1070 5502 1167 5563 portus
1179 5493 1314 5547 distensus
1337 5492 1413 5547 sinus
1439 5491 1615 5546 submovetur
1628 5506 1644 5546 a
1658 5500 1764 5563 teutpe·

168 5547 414 5611 mmmm
429 5555 619 5629 “Wlfflin
634 5567 660 5614 ι*
670 5561 807 5617 ‘'⁰⁶⁰de
817 5560 884 5631 ‘5¹¹⁸-
971 5581 1096 5646 statibus,
1111 5579 1260 5650 placidatur
1273 5594 1288 5633 a
1304 5580 1458 5650 lrissoribua,
1473 5590 1523 5650 per
1536 5594 1604 5652 quaa
1624 5580 1763 5653 ingressus

168 5662 286 5724 Gmndis
307 5670 353 5726 ilia
376 5670 489 5736 ciritae,
519 5687 580 5743 qua
602 5673 738 5743 quondam
766 5673 921 5744 metropolis
972 5680 1159 5740 exenteratur.
1177 5671 1231 5726 Nec
1246 5671 1381 5727 immerito
1394 5672 1581 5738 reltutameu,
1595 5673 1638 5730 rel
1659 5676 1761 5742 maqoi·

169 2090 319 2147 Damascus
327 2089 422 2145 ciuitas
431 2088 529 2157 rcqalis
539 2101 646 2157 magua,
659 2096 688 2143 ut
698 2088 921 2154 hrcullusrelert,

133 2183 182 2253 qui
197 2180 224 2235 in
239 2180 283 2236 illa
298 2196 346 2253 per
359 2179 462 2249 aliquot
477 2179 627 2248 hospitatus
640 2187 682 2233 ost
694 2177 764 2241 dies.
783 2179 809 2233 in
824 2192 922 2249 campo
