3810 6128
159 261 191 313 di
434 261 690 320 ruoueoouerti
709 264 755 319 ita
777 260 937 318 rudiarii
954 261 1032 316 iibri.
1049 263 1153 320 atati.
1173 264 1372 324 iourddart
1393 267 1519 328 OPERA.
1754 278 1789 332 ιιι

158 378 273 449 ιιιιιιιιι)
296 395 369 433 reesa
382 381 449 432 intre
463 384 511 436 iter
526 381 774 452 liarestrespatium,
790 380 876 434 audac
890 393 945 431 ma·
958 376 986 436 A
998 375 1104 434 Domini
1117 383 1245 451 scriptum
1261 392 1313 448 est,
1325 386 1389 439 setis
1399 388 1516 441 ostendit
1533 404 1612 458 quern
1629 391 1650 446 is
1665 408 1789 454 versatos

157 471 195 539 pis
208 487 284 537 qaam
298 472 401 536 tisanae,
418 487 464 527 uec
478 473 580 541 ridear,
595 474 690 526 cursim
706 482 730 525 et
742 471 866 543 impolite,
880 473 946 525 iuter
996 479 1068 525 esset
1083 471 1110 525 in
1126 473 1280 543 theologicis
1292 476 1450 545 disciplinis.
1477 479 1502 535 is
1516 490 1604 537 taruco
1619 485 1723 541 ridetur
1737 489 1789 543 ha·

157 562 259 633 priuatas
271 566 575 633 occupationes,sulcasi.
599 563 670 618 hiem
686 564 791 618 reniam
815 571 891 632 rogat
912 565 945 617 ad
993 560 1070 629 jusce
1088 563 1207 620 scientie
1224 566 1328 622 laudem
1349 583 1363 622 a
1386 583 1417 624 se
1431 585 1591 640 retnouere,
1614 576 1734 633 scriirens
1752 580 1787 635 ad

155 656 393 724 ostreatumuuod
406 669 526 722 magnam
538 655 656 722 lituram,
667 655 694 709 iu
709 669 795 709 messe
804 655 944 721 scribenti,
995 655 1136 710 ιιιιιιιιιιιι
1159 658 1277 713 celicia
1301 660 1474 731 episcopum,
1499 663 1546 720 hb.
1563 682 1598 734 r,
1621 683 1680 736 cap.
1697 671 1728 737 i,
1744 674 1788 730 iiis

158 746 243 814 pluvia
270 749 473 815 superfudisset.
499 749 564 804 item
593 750 724 818 prolixum
753 750 945 820 poema,ouod

47 858 54 868 ·
155 848 242 892 ossius
256 839 303 894 lib.
320 855 346 903 r,
361 854 420 908 cap.
437 837 464 902 5,
481 841 607 909 scriptum
624 850 717 912 rogatu
732 842 850 911 ejrssdenr
874 843 943 898 Gre-

154 930 220 998 gorii
238 932 262 982 in
284 928 391 983 laudem
413 931 495 995 Αιιιι,
512 931 645 1000 pontiacis
670 934 859 999 hrrernensis,
874 931 943 988 iutra

157 1023 220 1074 ilios
236 1034 285 1075 nco
305 1022 421 1090 integros
436 1021 503 1088 dies,
523 1038 552 1081 se
580 1026 728 1081 absolvisse
754 1028 857 1093 scribit,
880 1041 942 1083 cant

155 1109 249 1165 'astaus
259 1113 367 1181 portitor
380 1113 421 1182 (nt
436 1114 492 1182 ipse
506 1112 554 1184 eit)
569 1131 615 1183 per
624 1116 708 1182 rerba,
718 1115 850 1188 sipiliotiot
860 1118 942 1172 hiauti

152 1204 225 1268 leuce
245 1206 372 1273 cadentia,
387 1209 460 1276 pansi
485 1211 570 1278 prauis
594 1220 706 1274 sanctor,
719 1227 770 1265 uon
783 1211 809 1265 in
832 1227 871 1266 me
888 1220 942 1266 tam

65 1362 72 1371 .
152 1298 237 1366 [encra
251 1295 346 1351 scivere
359 1308 469 1368 cogeret,
483 1317 559 1371 quam
574 1318 691 1371 pertense.

186 1390 249 1445 itii.
265 1392 304 1445 Ex
318 1391 413 1460 uiribus
427 1392 504 1448 iucile
515 1395 628 1463 perspici
646 1405 734 1464 potest
752 1394 938 1462 Fortunatam,

150 1480 212 1535 dnm
227 1481 286 1536 aliis
302 1483 357 1536 irre
369 1485 483 1552 negotiis
496 1485 682 1551 distineretur,
694 1497 739 1540 sut
760 1502 820 1540 curn
834 1502 940 1556 preme·

151 1583 223 1628 retur
235 1577 363 1645 temporis
376 1577 508 1644 angustia,
525 1586 647 1644 poemata
661 1592 708 1632 sua
729 1577 838 1634 fudisse.
864 1578 950 1646 Quos

997 747 1102 803 uerbis:
1118 748 1217 818 Picto,
1233 754 1400 822 Aristoteles,
1417 754 1588 826 Chrysippus,
1603 760 1641 813 aei
1656 760 1784 832 Pittacas,

995 856 1052 893 eum
1063 840 1125 895 aridi
1138 843 1180 897 ιιι
1192 845 1312 913 opinione
1326 845 1381 900 aeti
1395 856 1472 915 suut,
1487 864 1533 902 nec
1546 851 1639 919 legenti
1655 852 1785 924 iiiiarias,

995 931 1147 1004 Gregorius,
1160 933 1326 1001 Anthrosr'us,
1342 937 1519 1007 Augustinus.
1532 957 1604 1009 quos,
1618 944 1640 995 si
1653 946 1690 997 uei
1702 946 1729 997 irs
1742 947 1786 999 ui·

993 1026 1063 1080 rinae
1075 1029 1128 1081 uati
1139 1027 1228 1095 pereni
1241 1028 1402 1095 dormitanti,
1414 1046 1459 1084 aec
1469 1047 1514 1100 ega
1527 1048 1583 1087 uere
1594 1049 1784 1104 crrgricsrerenr.

981 1119 1046 1184 ,Seii
1061 1120 1124 1190 quiid
1137 1119 1288 1176 mirandum
1302 1130 1343 1177 est
1358 1123 1493 1179 iionrioem
1509 1125 1601 1179 laudes
1615 1141 1678 1181 suas
1691 1131 1784 1184 occul·

993 1209 1065 1266 ιιιιιι
1079 1211 1284 1281 sagacissimum
1299 1214 1356 1268 bec
1371 1214 1554 1284 scripsisseeti
1568 1216 1721 1284 biariinunt,
1737 1218 1784 1288 qui

992 1302 1018 1357 in
1035 1316 1082 1358 sua
1104 1303 1219 1375 quadam
1246 1304 1279 1358 ad
1306 1305 1429 1360 eumdem
1449 1306 1564 1375 epistola
1588 1308 1783 1378 scripseratde

992 1394 1138 1451 Fnrtuuato
1159 1396 1228 1465 quad
1254 1403 1310 1465 past
1331 1398 1437 1450 stoicam
1461 1399 1702 1471 peripateticamque
1723 1418 1783 1456 cerr·

990 1502 1078 1541 saram
1092 1486 1226 1558 theologie
1238 1503 1269 1539 ac
1281 1484 1386 1541 theoria
1400 1489 1485 1542 studio
1499 1490 1659 1559 mancipatus
1673 1491 1783 1561 suisset!

990 1577 1069 1634 Certe
1083 1578 1106 1633 is
1122 1578 1261 1649 presbyter
1273 1580 1400 1650 primurn,
1417 1580 1514 1636 deinde
1527 1583 1568 1637 rel
1583 1582 1725 1652 episcopus
1738 1599 1784 1641 re·

149 1667 218 1722 circa
236 1667 298 1721 irinc
312 1668 424 1738 aliisque
447 1668 525 1725 iaciie
547 1671 729 1740 conjecturam
744 1671 833 1728 iacere
858 1672 940 1729 debet
991 1667 1148 1736 nuntiatus,
1166 1670 1267 1725 diutius
1287 1670 1332 1725 iiia
1348 1671 1459 1727 scientia
1474 1687 1568 1729 carere
1583 1690 1636 1729 non
1652 1676 1736 1743 potuit
1748 1677 1783 1733 ad

147 1758 234 1827 ariolis
260 1768 288 1814 et
313 1773 429 1828 attentus
456 1773 532 1830 poeta
562 1763 719 1830 exstitisset,
735 1766 757 1819 si
783 1729 1071 1829 melioribuquumn
1094 1758 1144 1814 sibi
1162 1761 1371 1829 comparandam
1397 1761 1438 1817 rei
1461 1765 1586 1832 exempla
1612 1762 1783 1833 iladegundis

148 1849 314 1918 tcrrrporibos
334 1848 428 1905 luisset
442 1861 529 1918 nattis,
542 1869 573 1908 ac
586 1869 687 1909 vacuus
711 1856 826 1925 negotiis
854 1855 941 1911 tiiisas
992 1853 1099 1909 incendi
1116 1862 1229 1922 poteret,
1242 1853 1277 1907 de
1288 1869 1351 1924 que,
1365 1862 1393 1908 ut
1403 1852 1488 1909 reiert
1501 1854 1666 1910 baudonivia
1681 1855 1708 1910 in
1723 1860 1783 1924 ejus

147 1942 219 1995 ιιιιιιι
232 1943 322 1998 ιυιιιι
337 1945 422 1999 otiose
438 1946 578 2013 potuisset,
593 1963 652 2002 cunr
669 1949 695 2002 in
721 1957 792 2002 tanta
817 1948 940 2005 barbarie
992 1947 1070 2015 Vita,
1084 1963 1158 2002 num.
1174 1947 1208 2015 9,
1227 1947 1334 2001 assidua
1350 1962 1440 2002 rerum
1453 1947 1603 2002 ιιιιιιιιιιιιιι
1628 1946 1654 2001 ιι
1670 1949 1783 2001 niedita-

148 2033 254 2103 viisque
269 2046 321 2088 tarn
337 2047 466 2103 occupata
491 2053 543 2092 non
569 2039 649 2093 niodo
671 2055 724 2094 noo
752 2041 880 2111 volgaris,
894 2048 941 2095 sul
992 2039 1063 2093 tione
1076 2037 1237 2108 assiduaque
1249 2038 1364 2093 lectione
1376 2037 1419 2092 diu
1432 2047 1565 2107 noctuque
1579 2039 1744 2092 versabatur.

149 2126 301 2194 inediocris,
317 2128 363 2182 sed
378 2130 456 2196 piane
469 2129 555 2186 bonus
570 2142 646 2201 poeta
660 2146 691 2187 ac
702 2147 750 2188 sno
764 2144 843 2189 atate
858 2132 940 2191 iaciie
1028 2129 1090 2185 itii.
1111 2128 1184 2184 idern
1198 2128 1279 2183 etlam
1295 2127 1342 2200 (ut
1355 2136 1448 2183 censet
1461 2126 1538 2182 loen.
1556 2126 1664 2196 ioseph.
1685 2125 1781 2198 biroti)

148 2218 272 2288 princeps
282 2223 407 2277 suasorii.
937 2255 939 2258 >
994 2218 1145 2278 Graecarum
1162 2223 1310 2277 litterarum
1326 2235 1423 2290 expers
1436 2235 1489 2275 non
1506 2219 1554 2274 luit
1567 2235 1633 2288 nitas
1646 2220 1715 2274 iorte
1729 2219 1782 2273 iia·

180 2311 243 2368 182.
264 2313 333 2380 outa
358 2324 448 2369 autem
479 2328 585 2373 ueteres
613 2320 749 2375 arriserint
773 2320 806 2376 de
830 2323 938 2391 ingenio
992 2330 1096 2380 renna,
1108 2317 1133 2371 iu
1143 2316 1189 2371 iiio
1201 2315 1376 2371 scientiarum
1388 2314 1507 2368 omnium
1520 2313 1780 2384 Lycamdidieerai,

126 2419 129 2425 ¹
144 2403 318 2475 doctrinaque
335 2405 487 2476 Fortunati,
501 2424 533 2464 ex
545 2423 638 2463 eorum
654 2411 814 2466 testimoniis
826 2413 936 2485 intelligi
989 2425 1020 2466 ac
1035 2410 1061 2464 in
1079 2408 1190 2463 Galliam
1204 2409 1369 2476 deportarat.
1385 2404 1450 2475 Ejus
1463 2419 1526 2459 tero
1542 2404 1579 2458 rei
1593 2412 1780 2473 arguuienimn

144 2505 241 2565 potest,
251 2512 312 2566 que
322 2510 371 2550 suo
383 2496 442 2552 ioco
454 2511 471 2552 ι’
481 2501 558 2556 nobis
574 2503 695 2570 ponentis
707 2514 778 2557 sunt.
791 2503 837 2559 ilic
848 2506 936 2562 solnm
988 2503 1022 2556 ab
1035 2501 1094 2569 ipso
1108 2498 1253 2569 proiertnr,
1268 2496 1340 2567 quoti
1354 2494 1377 2552 is
1391 2495 1514 2551 scribens
1526 2494 1559 2549 ad
1570 2492 1697 2561 Felicem,
1714 2494 1780 2565 Epi·

147 2587 263 2658 ›jusdem
280 2591 437 2647 aniicisshui
451 2595 602 2665 stantialis
625 2594 747 2665 Gregorii
769 2597 937 2658 Turonensis
987 2606 1097 2660 ⁵⁰⁰liliffl
1109 2591 1327 2656 Naronetensem,
1339 2585 1585 2656 cujuseioqueutioe
1601 2584 1780 2640 idssliffliifflle

143 2681 324 2736 testimonium
355 2684 435 2740 liceat
457 2684 572 2752 afferre,
593 2690 639 2758 qui
664 2689 689 2743 in
717 2691 841 2759 epistola,
855 2705 935 2762 quam
987 2699 1016 2739 se
1030 2683 1181 2754 perculsum
1208 2680 1291 2735 luisse
1316 2688 1427 2749 narret,
1453 2678 1511 2732 ilaec
1530 2675 1621 2731 dicat:
1638 2674 1778 2731 Credebant

143 2777 265 2843 preterit
276 2786 390 2845 quatuor
403 2779 478 2835 libris
490 2780 525 2836 de
549 2781 692 2839 uirtutibus
706 2785 792 2840 sancti
817 2781 933 2853 Martini,
986 2779 1058 2847 arati
1072 2791 1133 2830 seur
1150 2772 1289 2828 Pindarico
1313 2780 1459 2839 courpactos
1474 2769 1657 2840 tetrastrophos
1667 2768 1779 2840 pedestri

140 2876 292 2923 cumianto
313 2870 469 2939 operianod
491 2886 632 2945 aggressus
661 2872 749 2930 iuerat
773 2876 936 2946 perdciendo
986 2866 1084 2938 piutita
1105 2867 1246 2937 sappiiaios
1272 2861 1411 2936 (Epistola
1432 2861 1533 2932 prede.
1557 2861 1602 2915 tid.
1626 2876 1634 2914 ι
1663 2859 1728 2914 trie
1745 2858 1777 2915 S.

56 2989 59 2994 -
140 2960 525 3029 semelinrparemdiuisset:
556 2963 868 3034 lirianur,ait,Seoerus
891 2977 935 3022 aar
987 2957 1090 3029 ιιιιιι.).
1106 2957 1145 3011 dc
1160 2956 1280 3026 prolecto
1299 2956 1321 3009 is
1336 2953 1392 3023 quii,
1408 2953 1529 3008 scribens
1544 2951 1576 3005 ad
1594 2949 1707 3019 Gregor.
1720 2949 1777 3003 Tu·

141 3049 269 3107 Paaiiuas
285 3056 404 3121 alacrem,
420 3067 465 3109 aut
486 3067 552 3112 cerie
574 3055 598 3109 F
600 3069 733 3114 ariaratus
757 3059 865 3124 adesset,
889 3061 933 3131 qui
947 3070 970 3136 c
986 3064 1059 3113 ron..
1076 3048 1115 3103 850
1127 3045 1265 3103 θιθῐΰῖίῑιῐ
1278 3044 1435 3112 epistolam:
1451 3043 1526 3114 ‘idid
1540 3042 1640 3114 limidi
1651 3042 1777 3105 inimum»

141 3145 189 3197 ista
203 3145 381 3199 describerent.
399 3147 471 3202 idern
488 3148 660 3206 Fortunatam
674 3151 807 3221 adjurarit
818 3152 865 3206 sab
881 3161 932 3206 tes·

140 3237 280 3301 lidcair'cuc
294 3239 374 3294 diuini
386 3245 510 3311 mysterii,
521 3254 545 3297 ct
558 3246 693 3314 splendore
707 3247 830 3300 uirtutum
841 3247 932 3302 beatis·

139 3331 197 3384 simi
212 3328 329 3398 Martini,
340 3342 369 3388 ut
380 3345 502 3404 poemata
517 3350 564 3391 sua
578 3338 603 3391 ιι
620 3353 702 3391 unum
725 3338 837 3393 epitecto
858 3338 931 3393 rolu-

139 3427 315 3490 menederel,
332 3428 422 3497 utique
435 3429 540 3498 plurimi
568 3431 699 3487 iuteresse
719 3431 876 3487 existimaus
898 3446 932 3487 ne

140 3514 240 3571 diutius
253 3517 279 3571 in
299 3516 404 3573 silentio
425 3535 457 3575 ac
472 3521 591 3577 tenebris
613 3522 737 3590 latereni,
756 3523 841 3580 sedin
856 3539 931 3580 eont-

139 3623 246 3663 rnuncm
263 3608 375 3665 trucium
391 3612 582 3682 proferrentur.
598 3615 689 3671 Eidem
704 3616 843 3673 addendus
855 3617 930 3673 Felix

139 3699 326 3757 Namnetensis
340 3703 493 3776 episcopus,
509 3706 554 3775 qui
568 3708 713 3777 scripserat
736 3709 769 3764 ιιι
797 3709 928 3765 Fortuna·

139 3797 194 3840 tttnt
210 3791 267 3855 cias
278 3806 363 3844 ocrem
377 3808 423 3845 nec
447 3796 632 3850 acclamatione
652 3797 760 3850 laudum
782 3808 929 3867 superatam

137 3880 164 3932 iu
176 3880 266 3934 ultima
282 3883 347 3937 orbis
361 3883 455 3956 angeio
473 3902 630 3953 personmse.
658 3889 760 3955 eribus
781 3905 813 3945 ex
840 3891 929 3947 verbis

138 3971 251 4042 intelligi
272 3984 359 4042 potest
371 3989 496 4046 qrraenam
511 3978 537 4033 iu
553 3987 607 4035 tota
620 3978 706 4035 Gallia
722 3992 794 4038 esset
807 3982 841 4038 de
853 3984 928 4055 inge-

136 4062 181 4119 nio
190 4066 249 4132 eius
264 4082 295 4122 nc
308 4068 403 4125 litteris
413 4072 564 4128 communis
575 4072 645 4128 lama
658 4082 686 4130 el
700 4075 873 4132 existimatio.

171 4157 233 4214 iba.
243 4158 334 4229 iieque
350 4176 414 4216 vero
424 4162 546 4231 ejusdem
557 4178 638 4233 opera
650 4164 677 4220 in
685 4166 850 4222 carminibus
860 4180 927 4237 pan·

135 4253 230 4322 gelidis
243 4255 428 4307 tantummodo
439 4263 485 4307 aut
495 4266 648 4310 sanctornm
663 4256 730 4311 iltis
740 4256 926 4314 describendis

137 4341 276 4411 prestitit,
291 4343 338 4397 sed
353 4344 422 4397 idern
445 4359 508 4401 ιιι
529 4345 685 4414 theologicis
703 4348 810 4416 cuidem
829 4347 926 4428 studiis

984 3141 1053 3213 quod
1074 3155 1149 3211 opere
1162 3140 1246 3191 prinus
1267 3135 1430 3200 inscribitur,
1446 3132 1589 3187 dilectionis
1604 3132 1701 3187 intuita
1711 3133 1776 3186 dila·

983 3242 1063 3288 tator.
1080 3229 1149 3285 iton
1172 3234 1390 3285 enixerruuira
1403 3234 1491 3281 aezte
1506 3232 1656 3280 ardescere
1678 3231 1779 3279 ιιιιι·

983 3333 1073 3381 tiecie
1087 3331 1111 3379 et
1126 3323 1227 3394 reliqua
1239 3321 1383 3375 oratoribus
1393 3328 1416 3373 et
1430 3319 1570 3373 disiecticir
1585 3316 1775 3386 permittantur,

982 3425 1047 3480 etc,
1062 3415 1131 3470 haud
1146 3415 1251 3469 ridetur
1262 3410 1414 3467 Graecarum
1428 3411 1575 3465 litterarum
1589 3409 1698 3478 ignarus
1710 3405 1777 3463 iuis·

981 3525 1021 3567 se.
1038 3510 1187 3576 Postremo,
1199 3506 1268 3577 qrrod
1282 3503 1451 3575 meoiudicio
1461 3488 1579 3557 maxime
1590 3500 1773 3567 lucitadreat,

982 3603 1060 3675 plura
1075 3611 1137 3658 snut
1151 3601 1177 3656 in
1192 3599 1250 3670 ejus
1264 3598 1372 3666 scriptis
1396 3610 1456 3666 qnae
1470 3594 1591 3648 Graecum
1609 3591 1718 3648 dicentii
1734 3593 1774 3647 ie·

981 3711 1073 3767 parem
1094 3709 1126 3749 ac
1152 3695 1259 3750 mutium
1287 3693 1386 3759 passini
1411 3688 1538 3745 rciereni.
1564 3687 1659 3742 lierito
1684 3687 1773 3755 itaque

981 3786 1218 3857 reprehendendus
1231 3782 1374 3839 iliidoinus
1390 3782 1483 3844 abbas,
1494 3779 1549 3850 qui,
1566 3779 1593 3834 in
1608 3777 1721 3847 epistola
1737 3777 1770 3830 ad

980 3877 1146 3936 Ludoricum
1161 3875 1255 3941 Piurn,
1270 3874 1371 3931 idcirco
1387 3874 1460 3928 ilium
1475 3871 1510 3926 de
1525 3869 1634 3925 tratione
1650 3868 1771 3938 Dionysii

980 3970 1158 4040 Areopagitae,
1170 3971 1203 4025 ιιι
1214 3984 1267 4040 quir
1278 3968 1401 4040 dymnum
1413 3965 1614 4036 pulcherrimum
1624 3964 1771 4033 scripserat,

979 4073 1004 4117 et
1016 4059 1178 4117 ordinatione
1191 4061 1351 4131 episcopatus
1374 4059 1526 4112 creationem
1541 4071 1592 4109 rrcu
1605 4055 1695 4124 iecisse
1707 4068 1771 4106 nar-

980 4167 1040 4222 rat,
1058 4157 1118 4227 qaia
1132 4155 1229 4212 Grata
1251 4156 1347 4226 liuguae
1369 4152 1469 4223 penitas
1491 4164 1580 4218 erpere
1599 4147 1659 4217 fuit.
1684 4146 1772 4214 hinne

979 4248 1038 4304 haec
1052 4249 1087 4304 de
1101 4247 1210 4319 pietate,
1225 4253 1281 4301 tuat
1296 4243 1406 4300 scientia
1431 4242 1569 4297 Fortunati
1596 4250 1623 4294 et
1650 4237 1769 4308 ingenio,

979 4341 1044 4396 satis
1059 4355 1073 4394 a
1090 4356 1132 4395 nse
1143 4340 1214 4394 dicto
1225 4336 1361 4394 existimo.

135 4436 237 4490 riileous
253 4435 313 4491 ioit.
328 4433 399 4490 Sitne
414 4435 534 4503 ejusdem
552 4437 577 4490 ιι
592 4437 745 4494 Orationem
759 4438 925 4494 botninicam
940 4430 967 4493 b
1016 4432 1051 4488 Ut
1063 4440 1152 4486 autern
1167 4431 1211 4487 iila
1230 4445 1289 4500 ιιι,
1304 4430 1330 4483 ιι
1344 4427 1403 4498 ejus
1417 4425 1476 4481 Vita
1492 4423 1648 4489 retulimus,
1663 4420 1705 4478 rei
1720 4421 1770 4475 ho-

134 4525 286 4594 ·upisuatio
299 4541 354 4594 prae
368 4527 472 4580 caeteris
487 4525 607 4581 declarat
626 4543 679 4595 auo
702 4530 724 4584 is
740 4543 820 4584 sensu
835 4543 867 4585 ae
879 4528 926 4600 ju·
981 4524 1083 4579 minum
1100 4523 1317 4577 doctissimorum
1334 4519 1378 4590 qui
1399 4519 1432 4573 de
1446 4517 1609 4582 Fortunato,
1627 4513 1700 4569 omni
1715 4513 1772 4569 iere

135 4615 206 4671 dicio
221 4626 293 4672 esset
307 4617 465 4686 theologicis
488 4618 514 4671 in
535 4617 627 4672 rebus.
646 4619 712 4674 itero
723 4634 832 4675 carnion
848 4621 863 4674 7
878 4621 925 4677 iib.
979 4626 1068 4680 ente,
1087 4615 1187 4686 aliquid
1200 4615 1367 4684 seripserunt
1387 4611 1546 4683 auctoritate
1560 4623 1593 4664 ac
1608 4605 1773 4664 testimoniis

114 4699 116 4702 ⁴
135 4721 200 4775 ιιιι,
215 4711 285 4779 quod
301 4709 329 4764 in
343 4707 445 4763 laudem
457 4718 553 4764 sancta
564 4708 657 4766 diaria
670 4711 775 4783 sirpinis
793 4720 816 4766 et
832 4689 925 4768 lintris
978 4711 1198 4780 comprobentur,
1209 4708 1297 4778 placet
1310 4706 1353 4762 bie
1365 4705 1504 4760 elenchum
1519 4713 1613 4757 eorum
1623 4697 1769 4768 subjicere.

133 4822 1770 4858 Μ

490 4956 808 5036 TESTIMONIA
823 4953 1058 5038 viduitati
1086 4941 1406 5030 ILLUSTRIUM

733 5091 776 5143 be
792 5091 953 5143 VENANTiO
970 5085 1170 5141 introitura.

1011 5189 1056 5258 pio
1066 5187 1149 5242 saucii
1164 5182 1295 5239 bearemii
1314 5178 1385 5251 apati
1399 5176 1524 5240 Baianas,
1548 5183 1572 5228 et
1585 5173 1617 5226 tie
1628 5171 1698 5254 trade
1709 5188 1769 5242 quie

1011 5277 1055 5329 per
1068 5259 1220 5311 miraculum
1234 5263 1354 5319 creverat,
1367 5259 1414 5314 etc,
1425 5264 1476 5319 qua
1488 5249 1572 5318 frusta
1585 5242 1769 5299 excidebantur

168 5321 195 5377 Si
210 5324 271 5391 quis
296 5335 421 5380 strenuos
448 5326 559 5381 virtutes
583 5326 655 5382 iilius
673 5328 776 5398 (sancti
795 5327 920 5382 Germani
1009 5333 1043 5384 ad
1058 5329 1157 5383 orarios
1170 5327 1320 5380 curandos:

134 5415 321 5486 herisiensis),
349 5431 415 5485 anas
439 5417 466 5473 in
492 5421 705 5490 corporeiecil,
732 5420 846 5475 sollicite
864 5419 921 5471 ιιιιι

131 5507 274 5576 disquirere,
287 5507 384 5564 libruin
395 5509 454 5565 ritae
468 5510 548 5579 iilius,
559 5512 605 5581 dni
621 5528 634 5562 ι
650 5512 797 5566 Fortutrato
811 5511 919 5582 presby·

132 5610 189 5654 tero
204 5600 368 5669 coapostus
381 5611 434 5666 esi,
451 5603 551 5671 legens,
564 5613 660 5657 concta
675 5604 799 5672 reperiet.

237 5191 316 5264 Greg.
332 5194 409 5260 Tun,
419 5192 464 5248 lit.
477 5208 491 5245 r
507 5192 576 5248 ιιιιι.
593 5191 703 5261 Fraus„
717 5211 774 5264 cap.
788 5194 814 5248 8.

1010 5477 1020 5510 ι
1039 5457 1136 5526 Quod,
1152 5457 1208 5524 ait,
1232 5453 1393 5509 Fortunatus
1415 5449 1556 5520 presbyter
1579 5445 1621 5502 his
1645 5441 1767 5499 rersibns

973 5559 1133 5620 prosecutus
1146 5555 1207 5602 est:
1224 5544 1357 5601 Laurentii
1372 5545 1479 5609 merito,
1495 5550 1562 5603 etc„
1578 5536 1662 5592 inuito
1674 5535 1767 5605 piures

971 5638 1069 5694 exinde
1098 5638 1206 5705 scripsit
1233 5635 1396 5699 versiculos,
1421 5648 1489 5702 ques
1511 5633 1573 5699 ego'
1589 5625 1764 5696 pretermisi,

127 5731 200 5790 lasso
230 5732 276 5790 tit.
288 5746 297 5787 ι
311 5735 343 5789 de
355 5734 428 5789 iiior.
445 5745 564 5805 utartpr„
578 5751 636 5804 cap.
653 5733 702 5799 ts,
716 5749 794 5806 ageas
812 5739 843 5790 aie
856 5747 916 5790 tem-
970 5730 1021 5785 bus
1036 5738 1137 5784 tarriotn
1151 5742 1200 5799 pro
1215 5727 1369 5786 testimonio
1380 5724 1436 5781 reri
1449 5722 1579 5786 scribens,
1592 5731 1645 5775 ιιι·
1661 5737 1671 5772 r
