3810 6128
129 281 180 338 199

716 261 980 330 ιιιιιιιιιιιιι.
999 261 1113 323 -iin
1132 259 1165 321 u.
1363 229 1367 235 “
1405 259 1408 265 ’
1704 262 1765 322 ni.

129 392 239 463 adiuvit
254 392 268 420 ¹
282 387 393 459 rapidas
404 384 528 444 libodani
542 384 604 443 lons
617 385 754 456 sanguinis
769 386 864 447 undas,
931 379 1111 445 strimonos
1124 387 1153 432 ut
1166 377 1231 433 sidit
1246 376 1339 447 plebes
1351 375 1420 445 iptiod
1434 375 1567 430 scinderet
1579 387 1664 441 error,

164 479 284 539 tinniit
295 489 324 537 et
336 480 446 549 Alpinas
456 478 494 534 ira
509 488 621 535 cruenta
631 479 717 535 niam.

130 574 188 632 Tali
200 574 253 630 dne
263 572 341 642 polos
355 570 419 628 leiin
431 570 569 626 exercitus
579 569 694 635 intratis,

164 665 279 720 iunctus
289 659 445 732 apostolicis
455 659 669 730 plauditbonore
678 659 778 715 eboris.

136 753 257 824 Cingitur
269 760 282 788 ι
296 751 418 822 angelico
430 765 512 821 super
521 759 594 807 astra
606 751 684 807 beata
698 761 804 815 seriata,

167 844 239 899 ilors
249 843 302 899 luit
314 842 386 898 unde
400 841 487 912 prius,
503 842 549 897 lus
561 842 636 898 loret
649 842 711 897 inde
721 840 806 897 siros.

131 934 199 991 Ense
214 932 427 1004 irinnpnininm
441 931 539 989 ductor
549 930 564 971 ι
576 933 724 990 fortissime
739 943 838 1002 tecum,

167 1027 288 1094 Quatnur
301 1032 316 1063 ι
328 1023 373 1080 bic
387 1039 531 1095 procerum
542 1025 654 1095 pignora
673 1033 765 1082 sancta
773 1023 863 1096 jacent
878 1021 900 1079 ¹.

134 1115 188 1174 Sub
202 1118 275 1172 luteo
289 1114 391 1171 tumulo
401 1116 489 1171 latitat
501 1117 612 1172 coeleste
626 1117 766 1182 talentum,

167 1209 331 1278 Divitiisque
345 1205 394 1262 liei
404 1207 464 1262 nilis
473 1221 554 1262 trena
567 1208 642 1278 tegit.

130 1301 178 1369 Qui
193 1299 296 1356 iaciunt
309 1312 419 1355 nerunt
434 1298 551 1366 paradisi
561 1312 685 1355 crescere
698 1313 823 1366 censum,

164 1390 291 1447 liseredes
303 1389 411 1446 Domini
424 1389 483 1444 luce
498 1391 608 1458 perenm
623 1390 689 1445 dati.

132 1486 242 1542 sidereo
251 1483 354 1540 eborus
369 1484 422 1538 iste
433 1483 602 1539 thronorum
615 1496 697 1538 corne
711 1481 852 1547 locandus,

163 1576 230 1633 Cum
241 1577 331 1632 reniet
346 1574 442 1646 luder,
457 1574 561 1631 arbiter
573 1573 646 1631 orbis
656 1574 719 1630 erit.

131 1669 176 1725 Sic
188 1670 231 1738 pia
240 1669 318 1724 turba
332 1667 425 1735 simul,
438 1665 569 1722 festinans
578 1680 691 1722 eernere
703 1664 849 1729 christum,

165 1760 200 1818 lit
209 1761 298 1817 eoelot
313 1767 428 1830 peteret,
444 1758 478 1814 do
491 1773 558 1814 nece
571 1758 635 1814 lecit
647 1759 709 1814 iter.

133 1848 294 1905 Fortunatus
304 1849 376 1904 euim
388 1863 435 1918 per
447 1847 546 1918 fulgida
556 1849 627 1905 done
638 1847 778 1914 Tonantis,

166 1939 204 1995 lle
214 1938 336 1996 tenebris
349 1937 464 2005 crucier,
474 1951 576 2008 queso,
589 1925 680 1994 ieratis
692 1953 781 2009 opem.

425 2048 539 2108 eruut
560 2049 631 2106 xlx.

395 2143 532 2198 Denuntio
551 2141 664 2197 lliiniio.

135 2236 235 2312 [Sancti
257 2234 352 2290 llilarii
370 2233 547 2289 i’ictatiensis
568 2234 687 2304 episcopi
710 2234 738 2288 in
756 2235 922 2295 defendenda

173 2309 303 2362 adversus
317 2304 430 2360 Arianos
443 2304 574 2359 catholica
593 2303 628 2358 de
643 2303 702 2359 lilii
718 2306 856 2362 divinitate
875 2308 924 2362 do·

170 2378 254 2432 ctrina
265 2385 293 2432 et
303 2375 397 2431 exsilio
411 2389 459 2443 pro
472 2389 504 2430 ea
517 2375 658 2431 tolerando
669 2378 848 2433 constantiam
865 2377 923 2433 lan·

170 2451 214 2500 dut
227 2449 280 2502 iioc
293 2443 435 2516 sarmitum]

137 2537 305 2595 Siililarintti
319 2539 417 2607 queris
431 2532 492 2605 quis
506 2532 540 2589 sit
555 2542 580 2601 ι,
596 2547 769 2606 cognoscere,
785 2534 882 2602 lectur,

171 2625 357 2699 Allobroges*
372 2624 491 2682 releruiit
503 2624 628 2681 Pictaviis
641 2625 761 2696 genitum
780 2625 788 2665 ἱ
804 2663 813 2681 .

138 2721 202 2778 conr
217 2721 346 2792 populum
360 2728 467 2790 regeret
480 2717 571 2774 diuina
583 2727 675 2774 mente
689 2717 825 2785 sacerdos,

173 2813 305 2871 Servabat
318 2811 384 2884 legis
399 2809 512 2876 ludera,
525 2809 668 2867 sollicitus.

176 2952 190 2983 ⁸
203 2945 274 2999 Edit.
291 2944 370 3010 Ven,
387 2944 483 2999 audiuit
498 2959 569 3001 corr.

174 3013 186 3051 '¹
202 3015 282 3077 ibid„
297 3017 385 3070 itasll.

177 3087 278 3141 ‘littus
289 3086 356 3140 eod.
373 3085 451 3139 Vtut.;

183 3174 298 3238 Cingitur
308 3175 480 3238 angeiioopius
491 3178 614 3227 exercitiis
622 3184 686 3226 astra
696 3177 766 3228 beata
777 3183 886 3238 senatus,

144 3258 357 3315 mendosissime.
373 3256 443 3315 Edit.
459 3258 543 3314 Paris.
559 3275 567 3313 ι

231 3349 346 3413 Cingitur
355 3349 468 3413 angelico
479 3349 557 3400 virtus
567 3350 679 3401 babeata
691 3356 786 3401 senatu

175 3432 284 3497 tinto,
300 3433 389 3486 doctor
406 3431 552 3500 [munitius.

176 3524 188 3551 ·
200 3514 269 3570 Tres
280 3512 407 3570 videlicet
418 3513 545 3584 precinui
555 3511 682 3580 piissimas
692 3511 806 3582 hujusce
816 3501 928 3586 legionis

145 3583 232 3653 duces,
253 3599 302 3638 seu
323 3582 441 3652 praelecti
461 3583 812 3652 nunieraiitur,llauricius,
825 3585 928 3655 Erupe-

145 3657 205 3711 rius.
219 3666 247 3710 et
265 3653 412 3709 tiandidus.
429 3652 572 3708 lianricius
586 3653 760 3721 primocerins
781 3665 839 3710 erat
857 3656 928 3724 ejus·

145 3725 201 3781 dem
215 3725 340 3794 legionis,
355 3739 415 3793 que
426 3722 541 3794 dignitas
555 3723 676 3791 proxima
688 3733 748 3780 erat
759 3724 819 3780 loco
829 3726 928 3781 tribuni

145 3795 267 3851 militum.
283 3795 433 3863 Exuperius
446 3802 504 3849 eret
519 3793 703 3862 campiductor
716 3812 723 3862 ;
740 3804 768 3850 et
780 3795 928 3861 Candidus,

148 3875 253 3921 senator
265 3864 392 3929 militum,
406 3874 436 3919 ut
449 3862 547 3918 ibidem
561 3873 653 3920 iiarrat
665 3864 820 3921 Eucherius.
839 3866 930 3922 Victor

148 3951 218 4001 iero,
227 3936 274 4006 qui
284 3944 380 4005 quarto
389 3937 448 3989 ioco
455 3932 623 3989 adnumerari
632 3933 710 3997 solet,
720 3950 769 3990 nec
776 3935 929 4003 preelectus,

149 4021 194 4061 nee
214 4007 296 4061 miles
314 4004 385 4060 illius
401 4003 511 4074 legionis
532 4012 606 4067 erat,
618 4003 666 4059 sed
688 4005 798 4060 alterius
818 4008 931 4077 legionis

148 4079 220 4132 miles
237 4086 403 4141 veteranum
417 4075 462 4146 qui
482 4088 543 4129 cum
557 4087 621 4130 casii
636 4074 698 4130 iliae
712 4076 864 4143 mansisset,
885 4078 929 4131 ubi

148 4147 242 4200 milites
252 4144 406 4202 llatimiani
417 4144 593 4214 epulabantur
604 4143 658 4200 init
669 4154 815 4216 martyrum
826 4146 929 4214 spoliis,

148 4218 229 4271 soluit
242 4215 372 4278 inritatus
384 4217 510 4270 convesci
522 4231 530 4282 ;
545 4214 617 4272 unde
634 4215 739 4286 agnitus
751 4216 929 4282 Christianus,

148 4286 244 4341 ibidem
258 4284 418 4341 interiectus
431 4295 484 4341 est.

182 4361 237 4419 ‘ln
251 4362 363 4418 basilica
381 4363 462 4418 etiam
479 4362 629 4429 Turonica,
662 4378 723 4419 uam
738 4377 802 4420 ame
819 4379 930 4421 munia·

148 4442 200 4487 tam
214 4443 307 4488 narrat
326 4432 408 4503 Greg.
428 4432 541 4498 Turum,
554 4433 634 4487 liba
674 4435 718 4488 ist.
740 4432 847 4502 branc,
869 4416 972 4505 capo

149 4502 196 4567 il,
214 4513 373 4559 sanctoruni
398 4503 595 4571 Aganneusium
619 4517 693 4557 sacra
710 4501 811 4571 lipsana
838 4521 929 4561 serta·

151 4573 243 4627 bantur
260 4589 342 4642 :qnae
352 4572 428 4628 lorte
439 4572 570 4629 dicendus
584 4570 635 4627 boe
648 4574 768 4629 carmine
782 4575 933 4631 celebrasse

151 4642 313 4715 Fortunatus
324 4657 374 4712 pro
386 4643 432 4697 illa
445 4659 504 4710 iiiia
518 4645 603 4712 ipsum
619 4655 647 4698 et
659 4643 816 4715 Gregorium
831 4645 933 4701 Toron.

153 4714 277 4769 intererat
291 4713 499 4768 necessitudine.

187 4800 200 4839 Ι
215 4793 290 4848 liuius
303 4791 370 4846 cod.
384 4791 457 4857 ιιι,
469 4791 512 4860 qui
527 4791 569 4845 sit.

187 4878 200 4908 ¹
215 4871 373 4938 allobroges
386 4880 464 4924 eraut
481 4868 572 4940 popuii
587 4870 633 4938 qui
648 4869 687 4923 cis
707 4869 935 4941 ubodnntmmm

155 4941 307 4998 babitabant
321 4941 354 4995 ad
370 4938 466 4994 Luraiii
483 4949 616 5005 montem,
630 4948 658 4993 et
672 4941 818 4996 bemanum
833 4941 934 5010 lacum,

155 5023 181 5063 ui
195 5013 276 5066 reiert
290 5009 378 5065 Brow.
394 5009 425 5064 ili
442 5013 539 5079 passim
555 5024 604 5078 pro
618 5010 700 5066 Gallis
713 5020 863 5067 sumuntur.

189 5090 197 5125 ¹
214 5088 342 5143 &notum
361 5087 491 5142 llilarium
512 5086 626 5143 Pictanis
639 5101 729 5145 uatum
744 5091 824 5146 tradit
840 5091 936 5146 Fortu·

155 5169 229 5212 uatus
241 5169 270 5213 et
282 5158 347 5215 alibi
360 5158 417 5215 isis
432 5157 460 5213 in
472 5158 646 5215 carminibus.
667 5160 706 5214 lta
720 5160 738 5215 l.
753 5174 810 5227 itit,
824 5175 849 5218 u.
866 5163 891 5227 l,
903 5161 937 5217 de

156 5239 184 5283 se
201 5231 260 5296 ipso
273 5229 397 5299 loeutus,
408 5228 495 5298 inquit
509 5247 515 5281 :

214 5314 799 5441 liidir'lllliriliiblllllilllll

190 5459 255 5515 item
277 5459 399 5528 Hieron,
424 5463 450 5518 in
474 5463 625 5532 prelat.ad
648 5464 772 5532 Paulam
792 5482 820 5527 et
835 5473 929 5530 Eusto-

158 5530 258 5597 mium,
275 5532 320 5587 lib.
334 5549 354 5589 tt
367 5531 518 5591 comment.
533 5536 560 5591 in
577 5535 660 5606 Epist.
676 5539 713 5592 od
722 5538 782 5594 Gal.

194 5613 204 5660 l
223 5609 280 5668 liud
292 5611 377 5669 codd.
393 5612 464 5679 ιιι,
479 5613 677 5683 sueonumque
688 5616 770 5669 uiros·

193 5687 207 5726 ¹¹
228 5687 302 5747 Unus
314 5690 381 5747 Coti.
397 5690 469 5751 ιιι..
485 5702 512 5747 ιιι
525 5693 629 5762 dicunt,
645 5704 681 5747 ιιι
696 5701 764 5749 creet
816 5728 824 5746 ·
843 5693 937 5751 soiiu-

1005 468 1158 523 Graecorum
1173 471 1181 519 i
1201 482 1275 525 tirus
1288 470 1398 539 protulit
1412 470 1437 521 iu
1452 467 1577 522 rusilium.

969 557 1084 626 vipereo
1097 568 1222 627 promunt
1235 572 1343 628 semper
1357 560 1401 626 qui
1415 574 1447 613 es
1463 558 1545 613 corde
1559 572 1671 620 uenena,
1761 605 1765 612 .

1004 651 1087 707 Filius
1102 661 1132 706 ut
1145 651 1236 708 dicant
1248 651 1310 720 quia
1325 659 1367 706 ost
1381 659 1502 705 creatura
1517 648 1530 688 ι
1548 650 1606 705 bei.

968 740 1051 809 Queis
1065 742 1149 812 magis
1163 743 1291 800 auxilium
1307 751 1416 811 praesent
1429 743 1559 812 sapientia
1574 743 1678 808 inundi,

1004 831 1043 888 trs
1056 832 1176 903 ingenito
1190 833 1309 903 genitum
1326 848 1385 903 qnae
1401 841 1479 903 negat
1490 847 1551 888 esse
1564 833 1656 888 benni.

969 923 1053 991 Quam
1069 924 1142 980 male
1156 924 1326 997 complexus,
1341 922 1454 993 cupieris
1467 923 1571 979 calcare
1583 925 1738 993 propbetas,
1763 968 1764 972 ,

1006 1020 1084 1078 tirius
1097 1019 1201 1090 infelix,
1215 1035 1276 1077 eum
1290 1023 1401 1088 retinet,
1415 1024 1523 1092 crepuit
1539 1018 1561 1074 ¹.

971 1109 1100 1182 Egregius
1114 1111 1218 1181 doctor,
1230 1120 1352 1169 veterum
1367 1113 1531 1169 monimenta
1545 1120 1663 1180 seeiitus,

1006 1203 1092 1272 Quem
1105 1204 1258 1274 Stephanus
1269 1205 1346 1270 vidit,
1360 1207 1517 1275 comprobat
1527 1219 1588 1262 esse
1603 1207 1697 1260 Deum.

972 1290 1083 1348 linctus
1096 1302 1117 1330 Β
1131 1309 1225 1351 amore
1238 1294 1296 1363 liei,
1311 1303 1464 1365 contempto
1479 1295 1597 1365 principe
1608 1302 1624 1333 ¹
1637 1293 1738 1357 inundi,

1005 1387 1166 1446 intemerata
1180 1388 1247 1446 fldes
1260 1389 1370 1459 pertulit
1381 1389 1515 1447 exsilium.

973 1474 1001 1532 ln
1021 1478 1100 1534 Patro
1129 1487 1154 1545 ⁰,
1176 1479 1221 1550 qui
1242 1481 1412 1551 omnipotens
1432 1479 1505 1535 boiis
1523 1488 1575 1549 est,
1596 1493 1759 1550 cognusces

1007 1567 1108 1624 [lirinis
1121 1574 1224 1624 tantum
1240 1569 1350 1625 uocibus
1365 1569 1492 1626 insinuat.
1603 1569 1721 1642 illatum,

973 1658 1135 1728 Perpetuam
1147 1658 1236 1716 lumen
1248 1660 1393 1727 cliristum,
1405 1662 1600 1732 bominumque
1612 1663 1759 1733 lieuinipuo,

937 1723 962 1783 B
1010 1749 1127 1809 bissenis
1139 1761 1153 1802 s
1168 1751 1282 1822 populos
1294 1751 1389 1809 edocet
1400 1766 1461 1809 esse
1474 1751 1562 1809 libris.

1267 1864 1380 1921 CAPUT
1408 1863 1468 1920 xx,

1147 1953 1185 2010 De
1198 1967 1285 2010 taneto
1299 1954 1422 2010 limenio
1433 1965 1447 2005 t
1458 1956 1585 2026 epitrope.

975 2057 1077 2134 [saucii
1089 2062 1219 2128 bledardi,
1235 2065 1353 2136 episcopi
1368 2063 1568 2132 Noniomensis,
1589 2066 1758 2122 sanctitatem

1009 2133 1078 2188 sitae
1092 2136 1226 2190 assecuti
1240 2132 1328 2205 lugam
1347 2136 1398 2192 line
1410 2138 1527 2191 carmine
1541 2135 1659 2190 celebrat
1674 2150 1680 2189 ε
1695 2135 1758 2191 iterii

1009 2203 1139 2260 miracula
1160 2214 1312 2274 percenset,
1333 2204 1431 2274 quibus
1443 2205 1563 2275 eiusdem
1579 2205 1662 2271 pietas
1676 2205 1759 2260 incia·

1008 2281 1100 2331 ruerat
1110 2290 1118 2340 ;
1129 2284 1266 2343 postremo
1279 2288 1474 2331 commemorat
1492 2275 1626 2330 basilicam
1640 2291 1719 2344 oriam
1731 2278 1757 2330 in

1009 2343 1129 2414 eiusdem
1136 2346 1302 2409 memoriam,
1313 2344 1452 2401 aclutario
1459 2354 1574 2416 eoeptain
1585 2346 1757 2412 eiaedissoari

1009 2413 1378 2488 Sigibertuseompleverat.]
1755 2414 1757 2420 ’

975 2523 1048 2581 lnter
1059 2523 1245 2594 Christicolas,
1262 2539 1330 2594 quos
1344 2525 1414 2582 actio
1428 2527 1500 2581 iunii
1512 2542 1539 2580 in
1554 2536 1624 2581 astra
1639 2534 1662 2590 ι,

1012 2613 1078 2670 Pars
1091 2614 1139 2670 tibi
1154 2630 1204 2687 pro
1216 2614 1321 2671 meritis
1335 2629 1442 2687 magna,
1458 2615 1593 2683 liodorus,
1608 2627 1689 2686 patet.

975 2704 1027 2775 Qut
1041 2705 1081 2762 sic
1095 2705 1186 2761 vixisti
1200 2707 1313 2762 terrenis
1326 2706 1424 2777 hospes
1438 2706 1464 2761 iii
1478 2708 1543 2772 orls,

1013 2796 1047 2852 tii
1058 2794 1156 2853 coelunt
1167 2793 1284 2865 patriam
1298 2795 1417 2852 crederis
1433 2805 1444 2833 ⁸
1459 2806 1518 2852 esse
1537 2805 1620 2850 tuam.

978 2938 1056 2986 natus
1070 2938 1098 2984 ut
1111 2928 1268 2984 brianonum
1284 2929 1318 2984 de
1337 2928 1405 2983 Filio
1421 2929 1465 2984 liei
1488 2943 1643 2995 perversum
1665 2929 1760 3002 dogma

978 3001 1119 3067 exprimat,
1135 3001 1305 3055 metricarutn
1320 2999 1406 3068 logum
1422 2999 1596 3065 obliviscitur,
1611 3000 1760 3063 corripiens

942 3068 1096 3195 ὓΒιίιιιιιιιι
1123 3087 1139 3123 u
1171 3068 1199 3124 in
1232 3084 1297 3125 roce
1325 3082 1452 3124 mentum.
1488 3070 1618 3126 Praeclare
1650 3070 1764 3126 advertit

1004 3156 1133 3207 ruricius,
1154 3140 1250 3196 toalea
1266 3140 1389 3195 Fabricio
1412 3156 1459 3209 pru
1476 3149 1594 3195 creatura
1616 3140 1677 3209 poni
1695 3143 1764 3212 geiti-

978 3219 1048 3271 turu,
1071 3219 1100 3265 ut
1120 3221 1173 3265 stet
1194 3209 1273 3266 metri
1286 3211 1354 3264 ratio
1375 3225 1436 3264 cuin
1461 3212 1511 3264 boc
1532 3210 1689 3264 vocabulum
1711 3226 1763 3266 nou

979 3282 1064 3349 iungis
1086 3283 1245 3335 titanorum
1268 3281 1429 3335 sententiam
1455 3295 1533 3346 ouum
1561 3280 1762 3337 cniboticoruin

979 3349 1086 3407 relerat.
1104 3355 1141 3405 ltc
1156 3352 1273 3421 prolecto
1289 3350 1451 3405 Fortunatus
1465 3350 1523 3421 ipso
1537 3350 1615 3421 paulo
1629 3359 1691 3420 post
1703 3353 1760 3421 eit:

1009 3442 1207 3504 oncisibrianis)
1219 3443 1295 3505 inagis
1305 3443 1420 3493 sutilium
1433 3448 1532 3506 prestat
1541 3444 1661 3506 sapiieotla
1671 3443 1766 3504 mundi,

1040 3504 1078 3554 De
1091 3504 1199 3566 ingenuo
1208 3505 1317 3566 genitum
1328 3519 1382 3568 quse
1393 3510 1469 3566 negas
1480 3516 1536 3555 esse
1548 3503 1636 3556 Deum.

980 3589 1109 3645 volebant
1139 3583 1237 3643 scilicet
1266 3587 1368 3656 Ariani,
1392 3599 1419 3644 ut
1438 3589 1476 3643 aii
1491 3587 1607 3650 seierus
1622 3587 1765 3657 Sulpicius,

955 3655 957 3657 '
982 3661 1028 3714 lib.
1045 3674 1064 3713 tt
1080 3660 1192 3724 tttsioi„
1207 3675 1239 3712 ec
1253 3659 1335 3713 nihilo
1348 3660 1375 3712 iit
1390 3660 1556 3715 substantium
1569 3674 1675 3727 nouom,
1692 3671 1767 3730 utqirc

979 3731 1087 3785 niterent
1106 3731 1202 3797 suetum
1220 3727 1357 3784 liomiiiiiiit
1374 3747 1466 3785 nouum
1489 3731 1667 3799 simonique:
1687 3731 1767 3800 [uisse

980 3812 1065 3855 autent
1080 3814 1178 3869 temrpus
1189 3816 1238 3865 uuo
1254 3797 1337 3854 sitin
1350 3817 1401 3855 itou
1416 3802 1514 3871 [uisui.

1020 3869 1142 3952 ¹.¹⁴3.ff¹'⁵³⁵
1164 3872 1266 3925 scilicet
1287 3869 1357 3924 inter
1374 3872 1534 3941 egerendum
1557 3872 1716 3939 visceribus,
1740 3882 1768 3925 ut

981 3950 1148 3996 noitsstntiiiii
1161 3948 1212 3994 esi.

1017 4020 1036 4048 ¹¹¹
1054 4010 1110 4064 Duo
1120 4011 1204 4065 cndu.
1222 4011 1293 4073 vsi..
1308 4012 1386 4065 uicini
1399 4025 1500 4066 amoro.

1018 4080 1095 4135 nllic
1116 4080 1164 4134 luit
1188 4078 1375 4148 Constantius,
1391 4080 1476 4150 llagni
1489 4081 1658 4136 Constantini
1686 4079 1767 4142 illius,

984 4150 1141 4204 brianonum
1158 4147 1255 4213 lautor,
1270 4150 1320 4203 sub
1330 4166 1383 4218 iptio
1394 4151 1420 4204 iii
1430 4151 1553 4206 exsilium
1567 4164 1642 4207 actus
1657 4160 1768 4205 sanetus

984 4220 1100 4302 ”llll'l
1114 4229 1165 4285 est,
1180 4233 1210 4301 ae
1225 4220 1389 4289 relegatusiii
1398 4220 1553 4293 Phrygiam,
1563 4232 1592 4278 iit
1603 4229 1694 4280 narrat
1707 4221 1769 4276 Sut-

985 4289 1272 4415 ninnfinihtgbizffiisxim.
1285 4369 1312 4415 et
1325 4359 1394 4442 iidie.
1411 4359 1507 4426 Paris..
1528 4364 1556 4414 in
1580 4353 1659 4412 l‘ntrs
1679 4362 1771 4430 otiique

984 4431 1581 4571 'illumillumdelusisti
1596 4428 1768 4568 l'd‘sl'b

985 4573 1120 4643 llaguum.
1137 4582 1271 4626 oratorem
1286 4546 1360 4627 urbi’s
1374 4572 1476 4640 llonim,
1489 4540 1579 4627 scribi'i
1599 4569 1634 4624 do
1648 4571 1748 4628 llilario
1763 4590 1770 4624 :

985 4643 1105 4698 llilariiit
1124 4657 1237 4695 meorum
1258 4649 1388 4703 consessor
1405 4656 1557 4712 temporum,
1581 4651 1605 4695 et
1626 4643 1772 4710 episcopus,

985 4713 1131 4766 duodecim.
1150 4712 1305 4779 Quintiliani
1323 4714 1401 4768 libror
1418 4723 1442 4766 et
1456 4717 1523 4783 siglo
1547 4713 1661 4766 iiuitniiit
1678 4721 1726 4781 est,
1748 4723 1772 4766 ei

985 4798 1163 4907 n'‘ztmsruoiictus
1201 4852 1342 4907 lledsrdiis
1374 4853 1589 4910 viromandensis
1627 4853 1770 4923 episeopus

985 4934 1093 4980 creatus
1116 4923 1176 4984 liiii,
1204 4933 1233 4976 ut
1253 4923 1352 4978 diserto
1371 4923 1450 4977 docet
1471 4924 1633 4979 Fortunatus
1659 4925 1685 4978 in
1712 4924 1771 4992 ciiii

989 4994 1059 5057 Vita,
1101 5007 1175 5075 num.
1199 4991 1226 5075 9
1240 4992 1292 5049 Sed
1314 4994 1336 5048 is
1350 5002 1443 5064 postea
1479 4994 1661 5115 ορίιοοειιειιι
1680 4993 1770 5070 sudem

988 5065 1124 5120 transtulit
1152 5063 1321 5130 Noviomum,
1348 5072 1550 5119 utnarraturtn
1590 5065 1769 5131 iiaepiisdciri,

989 5150 1003 5188 a
1018 5133 1147 5188 Radboiio
1160 5138 1287 5203 episeopo
1300 5132 1472 5189 Notiomeusi
1492 5144 1519 5189 et
1532 5132 1695 5187 Tornaceiisi
1707 5147 1772 5184 coii-

989 5205 1101 5329 ibib
1115 5200 1774 5329 lliedibilisbaudilliiltilil

991 5346 1122 5470 b¹¹=¹rires
1136 5411 1221 5469 Codd.
1240 5411 1298 5471 lat.
1319 5410 1423 5468 etlen.
1449 5410 1532 5479 Edit,
1546 5412 1573 5466 iii
1587 5412 1663 5467 eruis
1682 5345 1775 5484 :apud

991 5479 1124 5548 bolland..
1139 5486 1166 5537 iit
1178 5499 1266 5537 nurus.

1029 5561 1040 5589 ⁸
1059 5555 1131 5609 Urius
1141 5555 1207 5609 cod.
1221 5553 1292 5617 ιιι..
1307 5563 1338 5617 ιιι,
1348 5555 1421 5609 cirini
1434 5554 1543 5626 putrium
1557 5552 1687 5608 redderet.
1702 5551 1762 5609 llilii

996 5624 1075 5686 lem,
1087 5633 1112 5676 ut
1128 5627 1218 5678 roeliiui
1239 5626 1322 5690 petrin
1342 5626 1455 5679 creditur
1474 5638 1528 5680 ests
1542 5635 1594 5681 tua.
1615 5624 1689 5679 uitiis
1708 5627 1772 5682 liud.

996 5697 1069 5763 ιιι,
1083 5698 1196 5749 redderis
1210 5711 1280 5748 estro
