3810 6128
147 290 194 346 {ill

698 247 863 340 cntscouu
886 283 1048 342 nentrum
1069 285 1227 342 antscort

1722 288 1778 344 ets

142 402 190 459 sed
204 401 303 457 Claristi
319 369 443 471 previus,
460 414 513 454 non
528 397 653 469 sponsos,
669 398 716 452 sed
729 413 760 468 sp
772 398 821 452 1nsi
832 398 934 453 amiens
949 401 972 461 Α
986 399 1019 454 arf
1031 397 1110 455 dctus
1125 409 1206 470 atque
1221 402 1352 474 lacrymas
1368 400 1536 468 corrigentis,
1557 415 1588 453 ac
1606 408 1668 456 ttrite
1680 400 1778 469 iubere

142 493 193 550 fuit
208 492 277 547 adeo
292 490 388 554 fidelis,
404 498 432 546 ct
446 505 499 545 non
521 505 570 546 sna
584 505 718 560 quarens.
733 489 780 546 sed
795 504 855 560 qua
870 491 933 545 lesu

142 584 252 652 Christi,
268 593 297 638 ut
317 598 347 638 se
364 581 538 654 profiteretur
554 582 588 635 ad
603 581 733 637 solvenda
751 583 932 637 calceamenti

141 676 240 748 mora
255 675 317 746 ejus
335 675 472 744 indignum
488 672 634 743 :qnoniam
654 673 711 741 ipse
723 672 832 742 quidem
845 672 933 742 bapti·

143 778 218 822 aeret
241 769 269 822 in¹
282 782 362 837 aqna,
377 766 404 820 in
420 764 625 835 poenitentiam
648 764 692 819 ille
706 771 795 818 atatem
809 763 932 834 baptiza·

142 869 218 914 turos
233 866 304 914 ercet
317 857 342 912 in
355 856 459 927 Spiritu
472 864 578 921 saneto,
593 865 621 911 et
636 857 701 924 igni,
715 855 762 926 qni
774 855 873 926 duplici
886 869 933 925 po·

141 959 250 1014 testate,
265 959 292 1003 et
308 954 389 1003 vitnn
405 948 549 1014 redderet,
566 955 594 1002 et
616 955 729 1018 peccata
752 954 931 1001 cananineret.

141 1042 188 1099 llis
206 1044 307 1114 itaque,
323 1041 422 1098 tsatres
436 1040 598 1105 charissimi,
616 1049 655 1094 tot
675 1054 707 1094 ac
720 1039 801 1095 tantis
815 1040 933 1094 existen·

141 1134 213 1188 tibus
227 1132 404 1197 documentis,
421 1131 521 1201 quihus
535 1152 541 1181 r
554 1133 607 1185 ntrti
621 1130 793 1200 ambiguitate
808 1131 931 1185 submota

140 1222 280 1278 rodentes
294 1221 456 1291 agnoscitis,
474 1220 501 1274 in
521 1218 689 1291 baptizandis
711 1219 814 1284 electis,
829 1219 874 1290 qui
889 1233 931 1274 se·

140 1315 257 1370 cundum
281 1313 458 1380 apostolicam
482 1326 529 1382 reg
550 1314 603 1366 lam
629 1313 654 1367 in
679 1313 835 1368 exorcismis
857 1328 931 1366 sern-

140 1405 226 1473 tandi,
244 1415 272 1460 et
289 1404 401 1474 jejuniis
414 1405 612 1469 sanctificandi,
629 1414 656 1458 et
671 1404 855 1473 frequentibus
867 1413 929 1458 sunt

140 1495 376 1567 pretiositatibus
399 1495 551 1563 imbuendi,
565 1496 618 1551 duo
633 1505 735 1551 tantum
751 1506 885 1567 tempora,
904 1497 930 1550 id

139 1594 181 1640 est
195 1583 298 1641 Pascha
310 1595 337 1640 et
347 1585 526 1642 Pentecosten
537 1601 597 1641 esse
611 1585 752 1641 sera-anda.
765 1585 823 1641 lloc
837 1598 930 1642 vestra

139 1674 283 1730 indseirnus
296 1676 429 1740 charitati,
446 1686 476 1731 ut
490 1678 524 1730 ab
539 1675 693 1746 apostolicis
709 1676 837 1731 institutis
858 1677 930 1731 trullo

987 491 1096 561 dimitti,
1112 508 1172 547 cum
1192 492 1289 546 sitierit
1303 506 1449 562 congruam
1468 489 1652 546 satisfactione
1664 510 1690 547 n.
1704 490 1779 550 Sane

985 580 1078 651 siquis
1098 583 1124 637 in
1139 581 1324 651 aegritudinem
1340 582 1472 649 inciderit,
1490 593 1571 651 atque
1586 584 1716 651 usquead
1730 583 1779 640 de·

985 673 1166 742 sperationem
1175 672 1326 740 devenerit,
1336 674 1360 729 ei
1373 687 1409 727 ess
1420 682 1484 727 ante
1496 680 1602 745 ternpus
1613 674 1721 729 Paschae
1732 690 1777 730 re-

984 760 1138 828 laxandum,
1162 779 1195 818 ne
1223 763 1256 818 de
1277 765 1376 819 seculo
1399 765 1501 833 absque
1523 764 1712 820 routmunione
1738 765 1777 820 di-

983 854 1088 909 scedat.

985 964 1304 1032 substernentes
1326 968 1471 1021 notificent
1491 969 1664 1035 preivitentrant
1686 986 1775 1042 opere,

1018 1045 1043 1089 et
1066 1038 1133 1101 qtrod
1151 1048 1208 1108 post
1227 1040 1402 1107 gtoetriteutinnt
1421 1039 1507 1092 ntrlfns
1520 1040 1602 1108 possit
1621 1040 1656 1093 ed
1676 1041 1775 1095 cleram

1019 1106 1128 1160 edrnitti.

1020 1217 1061 1272 Ea
1074 1218 1181 1273 decretis
1196 1236 1270 1290 pope
1286 1220 1394 1290 Sqricii,
1412 1225 1452 1276 tit.
1474 1196 1518 1276 fi..
1530 1221 1595 1278 illud
1609 1240 1717 1296 quoque
1727 1243 1777 1282 nos

983 1321 1032 1377 par
1051 1306 1101 1362 fuit
1122 1309 1273 1378 providere,
1291 1321 1320 1364 nt
1333 1311 1404 1366 sicut
1423 1311 1609 1383 poertitcntimn
1624 1330 1705 1384 agere
1719 1318 1776 1372 cai·

983 1416 1064 1470 quam
1079 1418 1131 1457 non
1146 1403 1304 1459 conceditur
1317 1403 1478 1459 elericorum
1498 1422 1505 1459 :
1522 1404 1557 1459 ita
1571 1416 1600 1460 et
1615 1417 1675 1476 post
1691 1409 1775 1477 poeni·

984 1491 1047 1547 ndi
1059 1508 1101 1547 em
1113 1507 1144 1549 ac
1154 1493 1403 1571 renonciliat'onem
1416 1494 1479 1548 nulli
1490 1510 1606 1565 unquam
1618 1497 1686 1552 laico
1697 1498 1778 1553 liceat

983 1583 1115 1639 honorent
1130 1584 1273 1639 clericatus
1287 1585 1415 1654 adipisei;
1430 1585 1492 1655 quia
1508 1587 1631 1654 quamuis
1650 1589 1705 1643 sint
1719 1605 1777 1643 ont·

984 1673 1057 1728 nium
1074 1682 1245 1744 peccatorum
1261 1674 1424 1743 contagione
1443 1674 1575 1739 mundati,
1598 1675 1671 1731 nulla
1688 1689 1776 1731 tanton

140 1766 254 1823 ulterius
278 1766 409 1821 recedatis
429 1780 553 1831 excessu,
568 1766 632 1837 q2ia
655 1766 767 1821 intuitum
789 1773 849 1837 post
873 1773 930 1823 trae
948 1757 1082 1823 Bde'ent
1092 1767 1271 1836 gerendorum
1284 1773 1516 1821 sacramentorum
1529 1768 1708 1824 instrumenta
1719 1786 1777 1825 sris-

139 1871 201 1912 esse
213 1871 267 1911 non
287 1857 397 1928 poterit,
412 1857 434 1912 si
449 1856 590 1926 quisquam
606 1858 768 1928 apostoicas
786 1875 799 1913 r
816 1860 892 1928 gulas
903 1861 929 1915 in

139 1948 230 2019 aliquo
244 1948 388 2004 crediderit
403 1949 585 2018 negligendas.

173 2037 217 2093 h‘e
236 2039 344 2093 ‹lecrett‘s
363 2057 438 2111 grnpoe
453 2039 562 2108 Gelnsli,
584 2041 623 2094 tt't.
646 2040 687 2095 li).
709 2040 864 2112 baptizandi
879 2042 930 2097 eibi

138 2131 271 2203 quispiam
286 2132 384 2204 passim
396 2147 557 2203 quocunqne
581 2142 702 2203 ternpore
720 2133 820 2188 nullam
838 2132 931 2188 credat

137 2225 226 2280 inesse
241 2223 376 2289 fiduciam,
392 2235 490 2296 praeter
505 2224 633 2280 Paschale
650 2224 757 2289 festum,
782 2233 810 2278 et
834 2223 930 2279 Pente-

137 2321 227 2369 costes
246 2314 399 2368 venerabile
419 2322 635 2379 sacramentum,
660 2321 778 2384 excepto
801 2313 932 2369 duntaxat

137 2404 287 2474 gravissimi
303 2405 439 2474 largitoris
449 2405 567 2470 incursu,
578 2405 604 2458 in
615 2420 669 2474 quo
680 2405 824 2460 verendum
836 2415 888 2473 est,
896 2421 931 2462 oe

138 2493 227 2551 morbi
241 2504 380 2550 crescente
394 2494 515 2566 periculo
536 2494 595 2550 sine
616 2495 736 2551 remedio
753 2496 864 2552 salutari
879 2496 931 2554 for·

138 2586 217 2642 tassis
229 2593 364 2657 aegrotans
377 2594 406 2642 et
418 2585 501 2641 exitio
513 2596 665 2657 preventus
676 2587 813 2642 abscedat.

137 2738 248 2795 ecittt.
271 2739 312 2794 De
327 2741 366 2796 fria
378 2742 421 2814 qai
435 2743 611 2813 penitentiam
629 2745 734 2800 mitrime
754 2757 927 2802 servaverant.

171 2874 215 2931 Ee
238 2875 346 2932 decretis
361 2892 437 2948 pope
451 2876 558 2948 Syricii,
584 2879 623 2932 tit.
639 2875 665 2932 5.
681 2876 720 2933 Ile
740 2877 782 2933 his
796 2893 862 2934 vero
875 2893 929 2934 non

136 2967 284 3036 incongrue
304 2965 411 3023 dilectio
435 2974 480 3023 tua
505 2967 681 3039 apostolicam
706 2968 797 3024 sedern
818 2968 930 3025 credidit

38 3047 55 3067 ⁰
136 3055 339 3126 nunsulendam,
353 3055 472 3124 quincta
486 3056 642 3125 poenitentia
654 3064 780 3125 tanquam
795 3072 885 3123 canes,
897 3072 930 3113 ac

135 3160 199 3201 sues
213 3145 248 3200 ad
265 3151 404 3200 vomitus·
419 3152 448 3198 et
462 3144 602 3199 volutabra
617 3143 772 3212 redeuntes,
785 3157 813 3200 et
827 3147 928 3202 utilitire

136 3235 282 3305 cingulum,
297 3233 350 3290 etb
364 3233 481 3309 lubricas
494 3234 657 3305 voluptates,
669 3244 695 3290 et
709 3251 777 3290 nova
791 3236 925 3307 conjugia,

135 3316 166 3380 et
188 3323 317 3380 inhibitos
337 3322 425 3380 denuo
440 3322 597 3393 appetivere
611 3324 788 3389 concubitus,
811 3340 926 3393 qnorum

136 3417 285 3486 professam
297 3414 517 3471 incontinentiam
529 3415 649 3484 generati
661 3422 723 3483 post
731 3414 927 3471 ahsolutionem

136 3504 183 3563 tilii
198 3505 383 3577 prodiderunt.
400 3505 439 3562 [le
449 3504 557 3575 quibos,
572 3505 634 3574 qnia
646 3504 703 3575 jam
717 3503 859 3576 suffugium
872 3520 927 3562 non

137 3597 238 3653 habent
252 3596 410 3667 penitendi,
426 3596 453 3652 id
467 3595 592 3653 duximus
605 3594 814 3661 decernendum,
831 3603 859 3652 ut
869 3597 926 3652 sola

136 3688 206 3746 intra
224 3689 373 3745 Ecclesiam
394 3688 519 3744 ddelihus
538 3686 661 3743 oratione
671 3687 826 3757 jungantur,
842 3701 927 3744 sacrae

136 3780 326 3854 arrystoniorom
351 3777 514 3842 celebritati,
537 3777 660 3849 quamvis
681 3792 735 3834 oon
760 3786 925 3846 coercantur,

135 3871 280 3928 intersint:
296 3869 468 3926 abomlnice
482 3876 572 3925 autem
585 3883 686 3925 merasce
698 3870 822 3927 convivio
834 3884 925 3941 segre·

135 3970 242 4032 genter,
256 3969 286 4016 nt
303 3960 354 4016 hac
367 3960 464 4016 saltem
478 3959 646 4016 districtione
660 3962 773 4017 correcti
787 3970 816 4016 et
835 3962 885 4033 ipsi
899 3962 925 4017 in

135 4067 167 4108 se
188 4066 236 4106 sua
248 4060 338 4108 errata
352 4050 496 4122 castigent,
519 4058 548 4107 et
566 4049 627 4106 aliis
645 4050 775 4122 exemplis
797 4050 925 4119 tribuant,

136 4151 268 4213 quatenos
278 4143 312 4198 ah
322 4143 457 4199 ohscoenis
465 4141 655 4212 cupiditatibus
666 4143 848 4198 retrahantur.
861 4143 923 4211 Qtri·

136 4234 187 4289 hos
205 4243 295 4289 tamen
317 4233 445 4302 quoniam
468 4233 570 4288 carnali
593 4232 737 4302 fragilitate
759 4233 925 4302 ceciderunt,

136 4324 237 4380 viatico
259 4338 383 4392 munere,
406 4338 468 4380 com
489 4322 524 4378 ad
543 4322 686 4379 Dominum
700 4325 831 4395 ooeperint
844 4324 927 4395 profl-

983 1857 1083 1929 cipere,
1100 1857 1256 1927 quidudum
1272 1856 1371 1911 facerint
1382 1871 1444 1912 rasa
1459 1857 1597 1913 vitiorum.

1017 1948 1061 2004 Ex
1074 1950 1135 2004 decr
1151 1950 1184 2004 tis
1205 1965 1279 2019 prpe·
1303 1947 1460 2015 innocentii,
1476 1950 1516 2004 tit.
1533 1949 1578 2004 bl.
1604 1949 1778 2007 innoeentes

982 2040 1096 2111 agapito
1119 2039 1287 2109 hfaeedonin,
1304 2049 1331 2094 rt
1346 2041 1358 2075 ⁶
1371 2039 1503 2094 hfartiano
1517 2040 1651 2110 episcopis
1670 2041 1773 2112 Apulis.

982 2128 1064 2184 ttotta
1082 2130 1107 2182 in
1125 2128 1263 2198 provincia
1279 2137 1367 2183 vestra
1391 2137 1485 2182 contra
1501 2144 1619 2184 canones
1640 2127 1774 2186 Ecclesia·

982 2223 1076 2286 sticos,
1092 2221 1256 2291 decretaque
1279 2220 1410 2290 majorum
1432 2221 1554 2290 usurpari
1570 2236 1585 2274 a
1602 2221 1732 2291 plurimis,
1748 2233 1776 2279 et

982 2309 1127 2365 relationes
1150 2308 1318 2364 ‹liversorom
1335 2318 1362 2364 et
1376 2310 1564 2380 suggestiones
1584 2309 1718 2366 ditissime
1734 2328 1774 2368 re-

982 2398 1123 2455 tulerunt:
1149 2416 1208 2470 quae
1233 2399 1340 2471 quidem
1366 2408 1475 2468 possent
1498 2398 1575 2456 facile
1599 2405 1727 2470 resecari,
1752 2407 1775 2459 si

982 2489 1101 2558 episcopi
1118 2488 1144 2542 in
1167 2489 1208 2542 bis
1228 2503 1281 2542 non
1297 2488 1484 2544 invenirentur
1496 2498 1631 2547 arcatores.
1643 2493 1695 2560 Qui
1710 2493 1773 2549 dttre

981 2590 1029 2635 aut
1042 2581 1145 2646 andeis,
1162 2591 1209 2634 aut
1224 2581 1434 2650 obsequentibus
1448 2582 1559 2650 gratiam
1582 2593 1712 2652 praestare
1734 2588 1773 2639 ui·

982 2678 1084 2737 cuntur,
1100 2670 1258 2740 religionem
1271 2671 1384 2735 violant,
1400 2670 1563 2741 ordinesque
1578 2683 1772 2745 corrumpont;

981 2762 1181 2828 accrescente
1201 2770 1231 2816 nt
1247 2761 1350 2830 indigni
1368 2763 1468 2831 quique
1488 2762 1606 2820 bonores
1625 2767 1774 2836 suscipiant

980 2851 1189 2917 ecclesiasticos,
1200 2860 1228 2905 et
1238 2850 1413 2906 admittantur
1423 2850 1456 2906 ad
1467 2852 1577 2919 elerum,
1588 2855 1633 2923 qui
1644 2870 1697 2911 nec
1706 2856 1774 2913 inter

981 2942 1064 2999 laicos
1076 2941 1184 3012 quidem
1198 2943 1308 3011 dignum
1324 2941 1412 2998 locum
1428 2943 1552 3000 habere⁰
1573 2958 1724 3013 merentur,
1738 2948 1774 3004 si-

980 3033 1034 3089 cuti
1050 3047 1120 3087 nunc
1135 3031 1199 3087 dato
1222 3033 1300 3087 nobis
1319 3031 1410 3087 libello
1424 3041 1600 3089 monstratum
1616 3042 1669 3102 est,
1684 3035 1774 3093 blode·

941 3111 964 3172 C
980 3133 1050 3180 stunt
1060 3123 1203 3194 quemdam
1219 3122 1311 3178 inultis
1323 3123 1480 3179 criminibus
1493 3124 1652 3184 insolutum.
1664 3139 1774 3200 propter

979 3228 1038 3284 qcce
1052 3217 1134 3270 etam
1157 3214 1341 3284 qoetiientiam
1367 3215 1454 3284 egisse
1477 3215 1583 3283 dicitnr,
1609 3233 1663 3272 non
1686 3220 1773 3275 solnm

979 3304 1106 3361 clericum
1121 3303 1158 3358 ulf
1173 3315 1257 3368 cttrtn,
1279 3303 1351 3375 qnod
1368 3321 1420 3360 non
1437 3305 1511 3373 licet,
1526 3322 1617 3361 verum
1632 3309 1716 3364 etiam
1739 3313 1774 3367 ad

978 3394 1148 3465 episcopatui
1163 3394 1267 3464 apicem
1284 3394 1414 3450 tendere:
1431 3411 1491 3451 corn
1507 3413 1522 3452 c
1540 3412 1624 3452 nones
1639 3399 1712 3469 apud
1728 3400 1775 3455 tvt-

978 3501 1059 3542 caeam
1073 3487 1222 3553 constituti,
1238 3489 1399 3556 poenitcntes
1417 3489 1497 3542 etiarn
1512 3490 1546 3545 ab
1566 3488 1664 3546 tnttnts
1679 3490 1776 3550 officiis

980 3577 1139 3634 elericorum
1162 3580 1316 3635 excludant.
1340 3579 1372 3635 Et
1397 3581 1469 3647 idco,
1493 3581 1560 3638 fratr
1576 3599 1590 3639 s
1608 3585 1775 3654 charissimi,

980 3678 1121 3739 perspecto
1138 3677 1230 3724 tenore
1253 3669 1336 3725 libelli
1351 3685 1412 3724 eum
1425 3670 1543 3739 jubeatis
1557 3676 1726 3743 presentari,
1742 3692 1775 3734 ao

970 3761 1002 3820 ,si
1015 3775 1079 3816 rere
1104 3759 1281 3816 const‘terit‘
1304 3761 1376 3829 talis,
1391 3762 1498 3832 qualem
1522 3763 1628 3820 libellos
1645 3765 1773 3835 aflirntat,

980 3864 1034 3905 non
1048 3847 1135 3904 solnm
1161 3848 1195 3906 ab
1217 3850 1365 3906 ambitione
1385 3851 1565 3922 episcopatus,
1582 3854 1629 3909 sed
1652 3856 1736 3911 etiam
1758 3875 1773 3911 a

979 3938 1124 3996 clericatus
1137 3949 1310 3996 removeatur
1324 3940 1423 3997 olilcio.

980 4073 1082 4132 CCXV.
1105 4074 1139 4131 tir
1152 4078 1174 4130 si
1189 4093 1235 4144 per
1247 4078 1422 4147 ipuornutinrn
1440 4080 1567 4147 pestilens
1587 4080 1719 4150 dignutus,
1734 4094 1780 4144 art.

995 4195 998 4198 ,
1016 4146 1099 4201 at'drtoe
1113 4147 1223 4200 trtaritas
1237 4148 1344 4201 tter-icas
1359 4151 1444 4218 sectus
1463 4150 1551 4220 suerit,
1567 4148 1626 4219 jorn
1640 4167 1693 4206 troo
1708 4171 1782 4223 pro-2

1015 4226 1156 4272 moveatur.

1016 4326 1059 4382 Ee
1071 4327 1179 4381 decretis
1192 4341 1268 4399 pape
1285 4327 1391 4397 Syricii,
1407 4329 1447 4382 tit.
1464 4325 1507 4384 lb.
1529 4328 1563 4384 Et
1575 4331 1639 4400 quia
1654 4331 1698 4388 his
1710 4347 1771 4388 ortt·

137 4418 212 4483 cisci,
228 4431 276 4486 per
290 4416 488 4473 communionis
502 4415 615 4486 gratiam
638 4416 761 4473 volumus
780 4416 926 4472 subveniri.
946 4422 967 4477 Ι)
981 4418 1067 4483 nibus,
1082 4432 1143 4487 quac
1157 4417 1183 4471 in
1199 4418 1437 4488 reprehensionem
1451 4419 1573 4488 reiciunt,
1588 4423 1646 4478 sola
1659 4436 1773 4478 excuss·

137 4508 224 4575 Quam
236 4506 359 4572 formam,
374 4511 402 4562 et
415 4505 488 4561 circa
503 4504 639 4571 ritulieres,
653 4521 712 4578 que
725 4521 755 4562 se
769 4514 831 4576 post
844 4507 931 4577 poeni·

138 4600 250 4656 tentiam
268 4597 366 4654 talibus
386 4595 580 4668 pollutionibus
592 4595 781 4667 devinxerunt,
797 4611 808 4635 a
827 4599 928 4652 serrari

137 4689 318 4747 decernimus.

179 4780 218 4836 Es
231 4780 339 4834 decretis
351 4795 427 4849 pope
446 4777 602 4847 Innocenti,
618 4780 658 4834 tit.
674 4778 702 4835 t.
722 4779 760 4836 De
773 4778 928 4850 poenitenti-

141 4873 192 4930 bns
206 4861 319 4936 autem(
328 4871 375 4942 qui
389 4870 448 4928 sire
459 4886 494 4927 ex
507 4872 676 4942 gravioribus
694 4873 855 4936 commissis,
874 4871 930 4926 site

138 4981 172 5022 es
185 4961 329 5023 levioribus
339 4961 524 5033 poenitentiam
535 4969 642 5031 gerunt,
653 4964 675 5018 si
686 4964 759 5018 nulla
770 4963 930 5019 interveniat

139 5055 279 5127 aegritudo,
294 5053 388 5124 quinta
401 5052 466 5109 feria
485 5060 548 5109 ante
569 5051 671 5110 Pascha
685 5055 725 5110 eIs
739 5054 929 5110 rentittendmu

140 5148 269 5203 Romanas
282 5145 408 5202 Ecclesia·
422 5145 590 5201 consuetodo
602 5144 779 5202 demonstrat.
796 5146 929 5202 Ceterum

139 5241 175 5298 de
189 5241 306 5312 pondere
319 5238 477 5296 estinanter
490 5238 651 5297 delictorum
669 5241 818 5297 sacerdotis
833 5249 873 5296 est
885 5240 929 5310 ju·

138 5331 239 5400 dene,
256 5341 286 5387 ut
310 5334 432 5389 attendat
454 5331 487 5387 ad
501 5329 699 5389 confessionem
715 5333 881 5404 penitentis,
902 5344 930 5386 et

174 5517 189 5531 =
204 5491 331 5546 Pristinus
344 5491 395 5546 add
408 5500 418 5545 t
431 5491 508 5547 Dion.
525 5491 603 5564 Esig.

173 5560 337 5628 strateius,
353 5562 459 5632 [iirtnys.
476 5561 552 5632 Exig.

176 5647 188 5675 ⁸
203 5632 363 5686 smerdem
377 5648 431 5686 esre
444 5648 586 5704 censentes,
603 5634 713 5711 Dionys.
730 5636 803 5705 Exig.

174 5701 336 5766 turriano,
353 5700 461 5775 [lirrnys.
479 5703 555 5774 linig.

982 4508 1021 4563 tio
1044 4507 1223 4578 ignorationis
1245 4507 1413 4578 obtenditur,
1429 4510 1473 4566 coi
1488 4527 1537 4568 nos
1556 4512 1664 4569 interim
1687 4514 1772 4570 solius

981 4602 1089 4673 pietatis
1099 4601 1196 4657 intrtitu
1209 4617 1319 4658 trecesst·
1331 4612 1373 4658 est
1385 4603 1533 4661 clementer
1544 4606 1701 4677 ignoscere:
1712 4609 1771 4677 qui·

980 4707 1087 4762 eunque
1114 4693 1257 4762 penitens,
1282 4695 1435 4766 quicunque
1460 4696 1593 4765 bigamus,
1617 4700 1772 4769 quicunqne

980 4783 1068 4840 viduae
1083 4783 1195 4839 otaritus
1218 4784 1251 4838 ad
1268 4799 1372 4840 sacram
1394 4785 1517 4842 turilitiam
1542 4788 1674 4855 indebite,
1688 4801 1716 4845 et
1730 4791 1770 4844 in·

981 4884 1166 4945 conspetenter
1179 4875 1297 4946 irrepsit,
1312 4877 1362 4932 hac
1376 4877 1425 4932 sihi
1438 4878 1617 4934 conditiones
1633 4880 1712 4936 nohis
1725 4897 1771 4936 vc·

981 4967 1053 5020 triam
1069 4965 1200 5035 intelligat
1214 4966 1375 5034 relaxatam,
1392 4977 1421 5024 ut
1435 4969 1461 5023 in
1475 4983 1573 5040 magno
1584 4970 1685 5026 debeat
1698 4987 1771 5028 com·

981 5067 1076 5129 putare
1091 5055 1231 5123 beneftcio,
1245 5059 1267 5113 si
1281 5061 1405 5130 adempta
1429 5061 1479 5115 sibi
1492 5061 1566 5117 omni
1587 5078 1637 5133 spe
1659 5079 1771 5134 pronao·

982 5150 1062 5204 tiorris
1075 5150 1101 5203 in
1119 5150 1170 5204 hoc
1183 5163 1237 5218 quo
1254 5149 1388 5205 invenitur
1407 5151 1503 5207 ordine
1524 5163 1654 5226 perpetua
1670 5155 1773 5209 stabili·

982 5252 1036 5295 tate
1054 5248 1210 5310 pcrtnarreat
1230 5261 1235 5292 ε
1263 5241 1378 5295 sseirnri
1403 5242 1554 5312 posthanc
1576 5245 1772 5321 definitionem,

980 5333 1050 5404 qnod
1067 5333 1089 5388 si
1113 5331 1183 5387 ultra
1196 5331 1229 5388 ad
1245 5348 1336 5390 :aeros
1351 5332 1462 5392 ordines
1482 5351 1643 5407 quemquam
1662 5338 1698 5395 de
1713 5338 1774 5393 tali·

1017 5499 1029 5527 e
1044 5486 1214 5551 disserentur,
1229 5487 1338 5574 Diottps.
1352 5485 1427 5559 Exlg.

1018 5556 1029 5596 t
1047 5558 1143 5613 Tufent.
1161 5558 1268 5628 bionps.
1285 5557 1362 5627 belg.

982 5628 1270 5768 υἰιῃῗὲιιίἑιῖἰέοειιιαε
1295 5632 1408 5684 oriudum
1423 5630 1613 5700 proriucmruut
1630 5631 1772 5696 ntrtistites,
