3810 6128
107 333 161 391 bii-'s

709 289 923 374 rrttcvtantait
942 314 1151 371 canonican.

1681 313 1791 370 tnd-

107 454 198 516 patur,
226 441 252 495 in
279 437 368 494 causta
389 434 505 507 propriis
538 430 680 486 accusandi
703 428 808 483 licentia
840 434 932 489 nonA
979 423 1058 479 CCX.
1071 423 1109 476 fic
1119 422 1339 491 dispensatoribus
1350 418 1698 490 sinpdormnecelesiarum.

109 532 243 607 armanda.

109 646 145 700 fit
159 654 187 700 ιιι
197 645 239 719 qai
253 658 332 697 annm
345 642 440 694 crimen
453 653 504 691 non
525 633 683 704 probauerit,
707 632 743 685 ad
761 630 833 685 aliud
848 629 897 681 cd·

376 710 444 764 mitti
455 723 506 762 non
517 705 617 763 debeat.

145 827 244 883 Concil.
256 823 441 894 suprascripto,
455 820 494 873 tit.
508 818 553 872 tit.
575 817 639 871 item
652 814 762 885 placuit,
778 815 899 881 quoties-

110 932 220 987 cunque
232 915 336 971 cicricis
349 914 382 968 ab
392 909 596 967 accusatoribus
609 907 692 961 muita
707 905 819 961 critnina
834 902 899 972 obji-

111 1008 230 1074 ciuntur,
257 1012 284 1060 et
305 1018 387 1058 utrum
401 1018 435 1056 en
453 1000 518 1070 ipsis
539 999 639 1066 dequo
654 997 727 1066 prius
739 993 825 1062 egerit
838 1006 900 1062 pra·

111 1101 178 1156 bare
192 1114 245 1153 non
259 1096 382 1159 valuerit,
400 1092 433 1147 nd
447 1099 542 1147 caetera
556 1090 610 1158 jam
622 1103 675 1142 non
690 1086 856 1140 admittatur.

151 1188 216 1244 ftem
228 1187 260 1243 de
270 1187 317 1241 froc
331 1186 396 1256 ipso,
412 1186 451 1238 tit.
465 1181 512 1236 nt.
527 1179 621 1236 'festas
631 1186 720 1232 antem
734 1175 767 1230 ad
781 1175 900 1230 testima-

112 1281 188 1337 nium
211 1293 266 1334 non
291 1274 479 1335 admittendos,
506 1274 551 1341 qui
578 1285 628 1326 nec
653 1269 685 1323 ad
701 1268 900 1323 accusationem

112 1371 220 1428 admitti
235 1368 447 1441 praeceptisnnt,
460 1365 502 1420 vel
516 1366 595 1420 etiarn
609 1377 677 1434 quos
691 1362 748 1432 ipsc
761 1367 902 1416 accusator

112 1463 148 1518 do
174 1476 224 1516 sua
245 1460 325 1515 durato
351 1456 516 1528 produxerit.
534 1455 574 1509 Ad
606 1451 788 1509 testimonium
812 1459 902 1505 autent

114 1554 186 1608 iutra
213 1567 299 1606 ancras
319 1548 525 1621 quatuordecim
551 1546 637 1601 aetatis
661 1560 716 1600 sac
733 1558 785 1599 aon
807 1541 903 1598 admit·

115 1652 219 1699 uilius.

116 1757 205 1815 cett.
227 1753 303 1821 Quod
323 1771 374 1810 nott
390 1756 465 1809 liceat
475 1755 576 1807 clericis
597 1759 774 1821 postmortem
796 1749 836 1803 sni

227 1827 308 1894 scopi,
324 1842 363 1879 res
378 1825 413 1879 od
426 1840 482 1878 cum
492 1825 648 1891 pertinentes
662 1822 781 1891 diripre.

153 1937 255 1994 conell.
267 1936 433 2002 Gtrofredon,
449 1936 487 1991 tit.
501 1935 546 1990 ιι.
562 1936 621 1990 lion
636 1934 715 1990 ficere
726 1931 830 2012 clericis
842 1936 905 2000 post

119 2030 223 2087 abitura
236 2029 278 2084 sui
303 2029 432 2098 episcopi,
456 2042 498 2082 res·
511 2026 545 2080 ad
559 2041 621 2080 eam
646 2025 811 2094 pertinentes
828 2021 905 2076 dissi·

67 2172 70 2177 .
119 2135 204 2190 pare,
224 2117 293 2174 sicat
305 2119 421 2187 antiquis
442 2130 550 2186 qtrrrcyue
562 2123 605 2169 cst
617 2113 765 2169 nationibus
775 2111 905 2166 constitu-

120 2222 178 2264 tum
186 2226 194 2271 ;
203 2206 275 2279 qttad
284 2208 307 2262 si
318 2208 369 2262 hoc
382 2204 649 2268 incerctentarerint,
661 2201 905 2271 graduumsuarnrn

119 2299 241 2371 periculo
254 2297 441 2367 subjacebant.

119 2407 221 2464 tzcvtt.
242 2405 317 2473 Quod
335 2424 386 2461 non
406 2409 480 2461 liceat
495 2408 593 2461 clericis
612 2414 636 2459 et
650 2404 793 2470 nitrariis,
815 2403 909 2472 absqnc

174 2479 304 2534 voluntate
312 2478 433 2543 episcopi,
454 2479 488 2530 ad
503 2482 589 2531 arbem
603 2478 700 2546 reniam
713 2475 853 2544 proficisi.

158 2592 258 2648 Concil.
273 2590 442 2656 Chalcedon,
470 2593 510 2644 tit.
526 2590 571 2644 ιι.
591 2590 669 2645 Vertit
683 2589 716 2643 ad
732 2603 811 2643 aures
823 2587 910 2642 sancti

121 2683 232 2738 aoncilii
258 2683 329 2752 quad
354 2681 459 2751 atridam
486 2682 575 2737 cleriei
597 2689 625 2736 et
652 2678 786 2746 monachi,
813 2676 912 2746 quibas

121 2773 191 2828 nibil
215 2773 397 2844 abepiscopo
421 2788 470 2827 suo
495 2773 666 2827 corrnatissum
690 2780 731 2826 cst
747 2771 807 2840 (cst
821 2777 910 2823 autent

121 2862 233 2932 quando
247 2873 277 2920 et
287 2864 474 2921 communione
488 2863 522 2918 ab
539 2878 572 2918 eo
582 2861 741 2934 privantur),
751 2859 911 2931 pervenien-

122 2951 211 3008 tesad
221 2954 312 3010 urbem
323 2954 423 3022 regiam
431 2952 758 3021 constantinopolitanam
770 2950 797 3003 in
807 2962 839 3003 ca
853 2947 913 3004 diu·

125 3043 180 3097 tias
191 3043 375 3110 immorentur,
396 3043 543 3097 excitantes
554 3044 653 3106 turbas,
669 3050 697 3096 et
710 3048 810 3096 statum
823 3036 913 3096 eonfe-

123 3132 262 3189 siasticum
286 3141 496 3198 commoventes,
523 3132 709 3188 subvertentes
731 3131 813 3189 etiam
839 3145 909 3204 qua·

122 3221 248 3276 rumdam
260 3220 373 3278 domas:
388 3221 506 3278 decrevit
517 3231 608 3277 sacrata
621 3221 738 3292 synodus
758 3218 911 3290 huiusmodi

124 3313 335 3384 primoquidem
354 3329 403 3386 per
420 3314 588 3370 defensorem
607 3312 911 3384 Constantinopolitano

121 3408 226 3458 sancta
239 3401 365 3459 Ecclesiae
378 3405 553 3471 coarmoneri,
570 3413 600 3458 at
614 3406 786 3474 egrediantur
801 3406 835 3460 ab
846 3404 912 3460 urhe

122 3492 200 3561 regia
214 3510 222 3546 ι
236 3493 343 3564 quodsi
361 3494 454 3550 iisdem
472 3495 586 3563 negotiis
599 3495 765 3564 irnpudeater
777 3496 910 3561 insistant,

123 3581 209 3637 etiarn
221 3583 344 3640 nolentes
354 3584 425 3640 idem
437 3584 563 3641 defensor
573 3585 702 3655 expellat,
717 3594 745 3640 ut
756 3587 788 3641 ad
804 3589 910 3658 propria

123 3671 187 3727 luca
200 3674 367 3742 perveniant.

123 3781 239 3839 ccviii.
260 3782 334 3849 Quod
352 3802 404 3841 non
423 3789 499 3840 liceat
521 3789 676 3842 monasteria
697 3804 753 3848 arca
765 3767 914 3841 consecrata¹

296 3864 365 3920 arnt,
385 3856 526 3911 diversoria
540 3859 676 3911 secutor-ta
687 3857 753 3923 fieri.

163 3965 263 4022 tonat.
290 3968 456 4034 Chalcedon,
472 3969 512 4024 tit.
536 3966 581 4022 ht.
607 3968 670 4035 Qnae
684 3968 768 4023 senref
791 3968 914 4024 dedicata

123 4064 191 4113 suunt
204 4057 366 4112 monasteria
377 4056 489 4113 consilio
508 4058 696 4129 episcoporum
712 4066 838 4112 maneant
850 4073 914 4129 pera

123 4156 211 4218 petuo
233 4147 407 4214 monasteria,
434 4157 461 4202 et
475 4162 518 4203 res
530 4162 591 4217 aare
604 4148 636 4202 ad
658 4163 689 4202 ea
705 4148 839 4218 pertinent
856 4161 915 4201 mo·

125 4236 254 4292 nasleriis
266 4236 407 4303 reservari,
427 4251 478 4292 aec
488 4251 568 4308 posse
582 4251 613 4291 ea
623 4236 693 4291 altra
709 4235 766 4292 fieri
777 4236 914 4291 saecularia

125 4326 298 4382 habitacula:
314 4326 360 4397 qui
371 4340 435 4383 vero
445 4328 497 4383 hoc
515 4327 573 4383 fleri
588 4327 767 4399 permiserint,
782 4340 913 4383 canonum

124 4419 271 4476 sectandis
287 4421 473 4490 subjacebunt.

985 552 1266 619 Concif.Cfralcedun.,
1283 555 1321 606 tit.
1345 552 1390 605 ιιι.
1417 550 1547 619 Quoniam
1574 552 1600 607 in
1626 553 1737 624 quium·

950 649 1010 702 dam
1026 647 1159 710 ecclesiis,
1174 654 1202 699 at
1217 661 1324 698 rcrnrnrc
1345 645 1536 713 comperimus,
1554 653 1651 712 praeter
1664 661 1738 702 oeco·

950 755 1059 794 nutatim
1082 738 1199 808 episcopi
1224 734 1364 792 facultates
1379 736 1574 791 ecclesiasticas
1598 745 1736 792 tractant:

950 831 1051 900 placuit
1074 845 1180 883 omnem
1201 829 1344 884 ecclsiam
1366 829 1507 882 trahentem
1522 827 1740 897 cpiscopumha·

951 921 1015 975 bere
1028 935 1196 974 oeconomum
1211 920 1244 972 de
1258 919 1331 974 ciero
1348 917 1470 987 proprio.
1485 919 1530 986 qui
1544 917 1680 988 dispenset
1693 933 1739 974 res

952 1009 1146 1066 ecclesiasticas
1160 1009 1305 1064 secundum
1317 1009 1477 1063 sententiam
1492 1007 1610 1078 episcopi
1623 1007 1739 1080 proprii,

953 1102 988 1154 ita
1002 1107 1031 1153 ut
1044 1099 1164 1154 ecclesius
1184 1098 1351 1167 dispensatio
1374 1105 1471 1166 praeter
1490 1098 1672 1153 testimonium
1685 1112 1740 1153 uon

952 1191 998 1254 sit,
1013 1205 1048 1244 ne
1064 1205 1096 1242 ex
1111 1189 1162 1242 boc
1180 1187 1367 1256 dispergantur
1380 1187 1568 1243 ecclesiastice
1590 1187 1741 1256 facultates,

953 1291 980 1334 ι’,
1007 1278 1159 1334 sacerdotio
1187 1277 1383 1333 tnafedictionis
1411 1277 1549 1344 derogatio
1571 1288 1741 1346 procuretur.

954 1371 1029 1437 Quod
1042 1370 1064 1424 si
1086 1369 1137 1423 froc
1152 1368 1262 1422 toriniano
1276 1366 1378 1430 feeerit,
1395 1366 1492 1422 divinis
1505 1367 1742 1424 constitutionibus

954 1461 1110 1529 strfrjacebit.

1096 1567 1185 1622 cttxt.
1208 1567 1245 1620 fle
1259 1567 1298 1620 his
1319 1567 1360 1637 cyrri
1375 1574 1476 1636 raptam
1488 1566 1596 1637 sncittnt.

882 1748 889 1760 .
991 1699 1089 1755 Canii.
1114 1698 1281 1761 filtafcedon„
1308 1698 1348 1750 tit.
1363 1695 1408 1749 ιι.
1433 1695 1487 1751 Eos
1500 1696 1546 1765 qui
1561 1695 1671 1765 rapiunt
1686 1713 1744 1751 tnn-

849 1763 903 1851 ‘P'
919 1787 1034 1846 fiiicres
1046 1790 1096 1844 sub
1108 1789 1215 1843 rtorniae
1229 1787 1308 1841 sicani
1323 1785 1469 1852 habitandi,
1494 1793 1683 1855 cooperantes,
1698 1795 1746 1839 aut

955 1879 1129 1933 tortnirentes
1156 1875 1331 1946 raptoribus:
1349 1873 1469 1928 decrevit
1495 1883 1589 1929 sancta
1616 1872 1744 1944 synodus,

956 1982 986 2027 nt
998 1972 1019 2027 si
1030 1970 1137 2039 quidem
1152 1968 1241 2023 clerici
1257 1974 1330 2030 suut,
1345 1965 1468 2021 decidant
1481 1966 1565 2035 gradu
1579 1965 1705 2035 propriu,
1721 1963 1743 2018 si

956 2077 1020 2117 tera
1036 2060 1107 2126 iaici,
1123 2057 1392 2114 anathematizentur.

957 2195 1054 2250 cinit.
1071 2193 1358 2263 deprecaturae
1372 2193 1538 2246 Pentecosten
1552 2193 1680 2262 baptisma
1693 2210 1746 2249 aon

1279 2262 1428 2319 celebretur.

994 2377 1036 2432 Ea
1050 2381 1156 2431 decretas
1170 2392 1245 2447 papa
1256 2376 1356 2441 Stricti,
1372 2376 1412 2429 tit.
1427 2373 1454 2427 ι.
1469 2373 1597 2444 Sequitur
1607 2373 1641 2429 de
1657 2372 1747 2428 direr-

959 2469 996 2522 sis
1009 2466 1228 2537 baptizandorum
1243 2465 1419 2534 temporibus,
1436 2473 1518 2534 prout
1532 2464 1675 2532 unicuique
1685 2463 1747 2517 lihi-

960 2570 1016 2616 tum
1035 2560 1114 2615 fuerit
1134 2557 1334 2629 improbabilis,
1356 2565 1384 2611 et
1399 2568 1410 2594 ι
1428 2556 1598 2611 inemendata
1614 2553 1746 2622 confusio,

960 2667 1019 2720 auae
1034 2665 1049 2704 a
1069 2648 1168 2704 nostris
1182 2646 1367 2702 sacerdotibus
1381 2645 1463 2715 (tyuud
1477 2645 1605 2701 commoti
1623 2643 1749 2713 dicimus]

961 2757 1014 2797 non
1025 2741 1130 2794 ratione
1144 2738 1311 2792 auctoritatis
1327 2736 1450 2801 aiicujus,
1461 2736 1508 2793 sed
1521 2736 1579 2791 sola
1595 2736 1747 2791 temeritate

962 2828 1140 2901 praesumitur,
1165 2836 1194 2882 ut
1216 2827 1314 2896 passim
1329 2841 1360 2880 ac
1378 2826 1462 2880 iibere
1485 2825 1615 2880 natalitiis
1636 2823 1747 2890 Christi,

962 2937 1009 2976 seu
1019 2920 1209 2991 apparitionis,
1226 2936 1275 2975 acc
1289 2935 1342 2974 non
1356 2928 1384 2973 et
1396 2917 1597 2988 apostulorum,
1612 2931 1660 2973 seu
1675 2932 1748 2973 mar·

964 3022 1050 3084 tyram
1077 3011 1275 3078 festivitatibus,
1300 3011 1459 3076 inritamera,
1478 3016 1508 3064 nt
1524 3009 1631 3072 asseris,
1656 3007 1755 3079 pfehes'

924 3102 1089 3196 chaptismi
1113 3102 1268 3172 mysterium
1291 3107 1501 3169 consequantur,
1533 3114 1594 3154 cum
1621 3097 1673 3152 boo
1697 3098 1748 3153 sihi

962 3196 1138 3268 priuilegium,
1159 3203 1187 3248 et
1200 3192 1270 3261 apud
1283 3207 1346 3257 nos,
1368 3199 1396 3246 et
1419 3191 1489 3261 apud
1508 3204 1603 3247 ornnes
1622 3189 1751 3245 ecclesias

962 3284 1128 3340 honrinicurn
1147 3283 1300 3352 specialiter
1317 3296 1376 3336 cana
1403 3280 1564 3336 Perrtecoste
1585 3295 1632 3334 sua
1649 3277 1749 3334 Pascha

962 3372 1105 3428 defendat:
1118 3373 1216 3442 quibas
1231 3372 1297 3426 solis
1314 3385 1362 3441 per
1385 3385 1484 3425 annum
1508 3370 1603 3425 diebus
1618 3369 1651 3422 ad
1670 3368 1749 3425 ndau

962 3461 1158 3520 confluentibus
1180 3463 1315 3530 gtraeraiia
1343 3461 1510 3532 baptismatis
1534 3462 1600 3515 tradi
1625 3461 1752 3517 convenit

963 3561 1144 3610 sacramenta.
1168 3553 1214 3606 tiis
1233 3554 1363 3606 duamani
1381 3552 1482 3616 eiectis,
1499 3552 1545 3620 qui
1559 3559 1622 3605 ante
1635 3551 1752 3619 quadra·

962 3646 1036 3713 pinta
1050 3643 1090 3697 ιιι
1101 3658 1134 3698 ιο
1146 3641 1271 3710 amplius,
1292 3642 1345 3696 diei
1361 3656 1459 3695 nomen
1472 3639 1607 3704 dederint,
1631 3649 1659 3694 et
1671 3654 1752 3694 enor-

963 3734 1051 3788 eisrnis
1072 3732 1288 3801 quotidianisque
1316 3731 1500 3795 orationibus,
1533 3738 1614 3799 atque
1642 3730 1751 3798 iejuniis
1798 3770 1802 3775 .

964 3825 1064 3879 fuerint
1080 3823 1197 3893 expiati,
1213 3830 1347 3891 quatenns
1370 3823 1518 3893 apostolica
1540 3823 1585 3877 ida
1609 3823 1753 3893 impleatur

964 3913 1122 3983 preceptio,
1140 3921 1169 3965 ut
1182 3921 1329 3980 expurgato
1343 3909 1474 3967 fermenta
1492 3911 1587 3976 veteri,
1600 3927 1667 3966 nova
1684 3913 1752 3965 inci·

964 4001 1020 4071 piat
1033 4014 1093 4053 esse
1107 3999 1273 4068 conspersio.
1292 3997 1367 4054 Sicut
1381 4013 1443 4068 erga
1458 3999 1610 4069 paschalem
1625 4014 1750 4056 reseren-

966 4095 1029 4148 tiam
1044 4093 1069 4146 in
1083 4092 1155 4147 nullo
1169 4092 1281 4146 dicimus
1295 4106 1354 4146 esse
1369 4090 1558 4145 minuendam:
1574 4091 1611 4145 ita
1625 4091 1652 4145 in
1666 4090 1753 4144 infan-

966 4183 1044 4248 tibus,
1070 4185 1115 4251 qui
1128 4180 1244 4236 necdum
1266 4179 1340 4249 ioqui
1355 4189 1502 4250 potnerunt
1512 4195 1561 4249 per
1576 4188 1694 4244 aetatem,
1710 4179 1753 4234 rei

965 4275 1021 4340 his,
1045 4274 1142 4342 artibus
1156 4275 1183 4328 in
1202 4273 1321 4342 qualibet
1336 4273 1497 4328 necessitate
1511 4287 1578 4343 opas
1591 4273 1669 4328 faerit
1681 4274 1750 4328 sacri

966 4365 1036 4420 unda
1051 4365 1228 4435 baptismatis.
1243 4364 1315 4419 omni
1332 4364 1455 4419 rodamus
1469 4363 1607 4419 celeritate
1620 4363 1751 4427 strccnrri;

929 4472 1001 4538 „aa
1025 4455 1059 4510 ad
1085 4463 1235 4511 nostrarum
1262 4453 1407 4524 perniciem
1435 4454 1527 4508 tendat
1546 4453 1704 4520 animatum,
1729 4454 1752 4508 si

124 4527 216 4584 Cilix·
239 4527 313 4595 0¹⁴⁰fi
335 4548 388 4587 Μ
407 4542 522 4616 oporteat
546 4533 722 4616 ⁰7¹¹‚l'lfff'0h“
740 4536 916 4605 ‘timim
965 4556 1063 4615 negato
1082 4547 1297 4603 desiderantibus
1311 4546 1386 4600 fonte
1403 4546 1535 4610 salutari,
1557 4546 1650 4601 exieris
1668 4560 1752 4600 urnas·

178 4708 184 4720 .
439 4603 602 4671 mmm·
964 4636 1078 4706 quisque
1090 4635 1124 4690 dc
1145 4635 1243 4694 secufo
1265 4643 1293 4689 et
1309 4649 1421 4703 regnam
1437 4635 1532 4704 perdat
1543 4644 1571 4688 et
1581 4636 1671 4690 sitam.
1688 4635 1754 4703 Qui·

163 4711 264 4764 bontil-
287 4711 501 4777 (lbtfcebvtmbs
521 4713 560 4765 ¹⁵⁸·
580 4711 625 4766 ‘25-
650 4714 782 4781 Qu⁰¹¹l³¹¹1
807 4715 916 4784 quidam
965 4739 1071 4794 cunque
1087 4724 1168 4779 etiam
1182 4724 1326 4780 discrimen
1341 4724 1483 4792 naufragii,
1497 4723 1652 4783 hostilitatis
1664 4727 1754 4783 itrcur·

126 4800 339 4869 metropolitani,
351 4809 482 4870 qnantum
492 4802 682 4873 comperimus,
697 4803 835 4874 tetbaudi
844 4819 914 4859 00¹³·
965 4830 1034 4881 sum,
1051 4813 1198 4870 obsidionis
1212 4814 1377 4883 atarbiyunru,
1393 4814 1436 4869 rei
1448 4814 1592 4884 cujuslibet
1606 4819 1753 4889 corporalis

126 4890 227 4945 mittin
248 4890 297 4945 tibi
311 4904 416 4962 steina
436 4900 464 4947 el
478 4893 660 4949 ordinationes
674 4896 861 4965 episcoporum
874 4892 914 4950 fa·
966 4902 1132 4973 aegritudinis
1145 4903 1362 4973 desperationem
1378 4904 1532 4971 inciderint,
1554 4914 1582 4961 ιι
1595 4907 1646 4963 sibi
1673 4907 1752 4962 unica

126 4995 192 5036 cere
201 4978 339 5051 differunt,
350 4984 555 5055 placmtsanctoe
570 4987 672 5058 synodo
684 4988 754 5042 intra
769 4997 824 5044 tres
836 5004 913 5045 men·
965 4995 1132 5052 credulitatis
1157 4997 1258 5052 auxilio
1281 4998 1456 5066 poposcerint
1479 4998 1627 5064 subveniri,
1657 4997 1752 5051 eodem

126 5085 172 5125 ses
194 5071 376 5130 ordinationes
396 5076 584 5147 episcoporum
607 5077 754 5147 celebrari,
777 5080 828 5134 nisi
843 5079 914 5135 forte
965 5101 1020 5155 quo
1037 5095 1151 5156 poscunt
1164 5095 1303 5142 momentu
1318 5089 1445 5157 temporis
1469 5088 1594 5158 expetita
1608 5100 1753 5156 regenera-

126 5163 280 5218 necessitas
302 5164 491 5223 inexcusabilis
507 5177 640 5240 preparet
653 5170 789 5226 dilationis
810 5179 916 5241 tempus
966 5178 1047 5234 tionis
1057 5179 1165 5249 proruta
1178 5188 1388 5247 consequantur.
1418 5178 1552 5233 finetenus
1566 5180 1592 5233 in
1612 5178 1662 5233 hac
1678 5187 1755 5249 parts

127 5253 253 5322 eatendi;
277 5255 350 5327 quud
373 5256 398 5312 si
417 5257 470 5313 hoc
489 5259 598 5316 minime
615 5257 725 5329 fecerit,
751 5263 914 5333 correptioni
965 5276 1082 5323 erratum
1106 5266 1231 5336 sufficiat,
1256 5284 1326 5322 rrnttc
1349 5267 1486 5337 prefatam
1513 5267 1632 5334 reguiam
1657 5283 1756 5326 oannes

127 5345 321 5402 eededasticcc
345 5349 512 5417 subjacebit:
528 5360 712 5411 cerumtamen
740 5352 840 5410 reditus
866 5356 916 5411 lfa·
971 5366 1081 5413 teneant
1093 5359 1255 5421 sacerdotes,
1269 5359 1314 5426 qui
1329 5359 1422 5413 nolunt
1441 5359 1476 5412 ab
1489 5350 1643 5424 ap'ostoficce
1657 5369 1753 5429 petrae,

127 5441 345 5498 ciesiariduata
366 5459 450 5513 penes
471 5460 642 5504 (economum
662 5448 781 5520 ejusdem
795 5448 915 5506 ecclesiae
972 5462 1148 5519 superquam
1169 5446 1289 5502 Christus
1308 5447 1485 5501 anniversalem
1499 5449 1650 5502 coorstrnsit
1668 5447 1757 5506 eccle·

128 5531 391 5601 numennumen.
971 5537 1305 5604 stannsormnaaannu.

167 5700 180 5726 ⁰
198 5690 305 5764 Dionys,
322 5692 411 5764 asta,
426 5696 595 5753 ermetanos.

292 5796 427 5856 Parnon.
449 5794 652 5855 txxxt'ttt.
