3810 6128
99 331 166 386 iiii
472 329 688 387 moratorios
706 329 751 386 AC
769 327 998 384 Tosrtttortta
1022 327 1143 394 estse,
1163 329 1253 395 tub,
1275 329 1349 385 ETG.
1672 327 1726 383 dli

97 440 243 504 donamus,
258 435 442 507 donatumque
455 438 482 492 in
497 448 629 509 perpetuo
640 454 700 494 esse
715 438 837 493 volomus
850 438 885 493 ad
900 440 923 497 Α
937 438 971 491 ari
984 440 1148 493 Forrtanellre
1158 439 1191 492 ad
1205 440 1304 495 domno
1319 440 1411 503 Petro.
1424 441 1467 496 obi
1479 442 1593 499 domnus
1607 445 1698 502 llando
1711 459 1724 484 ⁸

98 531 209 587 bastin-a
222 530 328 584 dornone
343 526 462 585 Steiarne
477 531 503 584 in
520 531 648 596 Parisios,
662 531 705 584 ulti
719 532 835 586 domnus
845 530 889 584 Si·
940 529 966 583 in
977 544 1092 598 corpmrc
1103 530 1220 597 requies.
1239 569 1246 584 .
1269 569 1276 585 .
1302 570 1310 585 .
1330 533 1481 599 agecenciis
1491 534 1535 588 rel
1547 535 1724 604 adpendiciis,

98 620 220 692 gofridus
234 619 362 690 pontefex
382 634 499 689 preesse
518 618 635 686 veditur,
653 620 717 674 villa
740 632 887 687 cognome·
939 627 1026 673 totum
1040 628 1068 674 ct
1085 620 1119 674 art
1134 620 1279 689 integrum,
1294 623 1394 677 sicuta
1413 624 1491 680 nobis
1503 635 1545 680 est
1559 641 1724 696 possessum.

100 721 183 767 nante
204 747 332 766 .....
351 708 489 765 mliacensi
500 724 560 764 cnm
572 725 652 764 omne
663 709 763 764 merito
773 708 815 762 rel
827 720 889 775 age-
940 708 1076 763 bonanus
1090 708 1124 763 ad
1137 709 1247 764 basilica
1258 711 1363 767 domae
1377 710 1460 768 Petri.
1482 753 1491 770 .
1512 754 1519 768 .
1540 753 1548 769 .
1569 718 1614 772 ubi
1630 719 1671 774 vir
1684 734 1727 773 re·

99 800 218 858 cieoeias
231 806 260 854 et
272 799 438 856 soledetates
450 813 523 864 suas,
538 799 609 854 sicut
628 815 643 852 a
663 799 740 853 nobis
754 805 888 869 presente
940 797 1076 853 oerabttts.
1098 835 1107 852 .
1129 837 1136 852 .
1157 801 1375 866 cognominantis
1398 801 1511 871 ispaldis
1533 805 1570 875 ιιι,
1583 821 1653 876 pago
1669 809 1725 862 vit·

101 900 227 961 tempere
251 898 293 943 est
311 904 475 959 possessum.
500 890 593 946 Simile
613 890 694 946 modo
709 889 841 943 donamus
855 887 889 942 ad
939 890 1054 954 cassino,
1071 889 1204 946 lirionnco
1216 892 1241 945 io
1256 907 1325 962 pago
1340 893 1475 960 Ebricino,
1488 894 1602 951 Ararnio
1616 899 1644 952 in
1655 913 1727 967 page

100 977 269 1034 monasterio
291 976 397 1032 dornnae
418 1017 425 1032 .
448 1016 456 1032 .
477 1014 485 1032 .
505 977 598 1048 pred.
621 1020 627 1032 .
650 1017 658 1033 .
682 988 727 1031 ata
754 976 888 1032 abbatissa
939 975 1075 1042 Grovinsi,
1102 979 1227 1035 Oeiciace
1256 982 1281 1035 io
1311 997 1379 1051 pago
1403 980 1551 1053 Oxmcnsi,
1577 986 1721 1042 Germiiia-

101 1084 220 1142 praeesse
235 1068 426 1138 reditur,rilla
441 1078 655 1138 cognomenante
669 1066 888 1136 ingolinorcurti,
939 1069 1014 1125 cinae
1034 1103 1044 1124 .
1065 1107 1073 1123 .
1095 1109 1102 1123 .
1124 1108 1132 1124 .
1153 1071 1278 1140 qrricquid
1303 1071 1401 1126 ibidem
1426 1089 1475 1129 nos
1500 1088 1634 1146 praesente
1659 1087 1728 1132 tern-

102 1163 130 1216 in
144 1173 216 1232 pago
229 1159 429 1225 Camiliacensi,
445 1174 505 1214 eum
519 1174 600 1215 omne
616 1158 770 1227 integritate
782 1158 826 1212 vel
837 1171 890 1211 me·
940 1174 1007 1230 pore
1018 1159 1156 1228 possedire
1171 1162 1303 1215 vedimur.
1320 1162 1456 1219 Donamus
1468 1165 1495 1219 io
1512 1167 1557 1221 bei
1574 1169 1682 1223 nonvioe
1693 1170 1726 1222 arl

102 1249 156 1303 rito
169 1263 229 1314 suo,
241 1247 312 1303 sieut
321 1256 349 1300 et
363 1262 411 1302 nos
432 1285 440 1300 .
462 1284 471 1301 .
491 1286 499 1299 .
518 1247 652 1302 redimus.
664 1245 732 1302 Pare
747 1245 829 1301 modo
842 1245 891 1300 do-
941 1251 1040 1303 domno
1054 1248 1204 1315 besirlerio‚
1216 1250 1260 1304 obi
1274 1252 1485 1309 rirrenerabilis
1496 1256 1647 1312 adroaldus
1657 1258 1728 1313 abba

102 1351 200 1392 namus
213 1335 371 1391 adbasiliea
386 1335 490 1391 domnae
500 1335 652 1404 Germanae,
665 1336 710 1390 obi
723 1335 888 1390 rtrvcocra-
942 1355 1058 1410 preaesse
1080 1340 1194 1401 veditur,
1217 1379 1225 1393 .
1248 1380 1255 1393 .
1276 1381 1285 1394 .
1306 1341 1351 1395 obi
1375 1345 1537 1400 venerabilis
1562 1349 1602 1400 rir
1623 1347 1730 1404 Garorre

102 1427 165 1483 bilis
187 1424 374 1481 Laodcbertos
387 1426 454 1480 abba
470 1440 585 1495 preesse
604 1425 722 1491 reditur,
736 1424 826 1479 rillam
842 1439 890 1478 ce·
941 1430 1009 1483 abba
1024 1443 1139 1499 preesse
1158 1428 1267 1483 veditur
1281 1429 1308 1484 in
1329 1444 1398 1499 pago
1419 1429 1556 1497 Ebricino,
1572 1449 1632 1487 com
1647 1450 1729 1490 earne

102 1525 283 1588 gnomcaaote
299 1517 454 1581 Fraxincto,
471 1518 579 1587 inpage
600 1556 728 1573 .....
733 1558 742 1584 ,
759 1517 801 1571 rel
812 1515 890 1585 quiri·
941 1519 1039 1573 merito
1054 1533 1114 1583 suo,
1130 1518 1200 1573 sicot
1214 1532 1228 1572 a
1245 1517 1323 1572 nobis
1336 1530 1469 1587 praesciae
1480 1529 1603 1590 tempore
1615 1531 1657 1578 cst
1667 1539 1730 1593 pos-

104 1608 169 1679 quid
181 1619 315 1677 praesente
329 1617 450 1677 tempore
461 1609 552 1675 quieto
563 1609 658 1666 ordine
670 1625 684 1664 a
700 1609 776 1665 nobis
790 1610 889 1665 ibidem
942 1621 1056 1660 sessum.
1072 1606 1209 1659 bonaruus
1224 1604 1277 1659 ad.
1293 1645 1300 1659 .
1315 1645 1321 1658 .
1336 1645 1343 1658 .
1356 1606 1419 1659 villa
1435 1609 1662 1676 cognominante.
1676 1650 1684 1665 .
1698 1651 1705 1664 .
1720 1652 1728 1666 .

102 1708 147 1756 an
160 1714 327 1770 possessum.
352 1699 445 1755 simile
469 1701 550 1756 modo
573 1700 705 1757 donamus
725 1702 759 1755 arl
778 1700 889 1757 basilica
943 1694 969 1749 in
985 1708 1052 1765 pago
1067 1694 1198 1757 berosino,
1214 1709 1275 1748 com
1291 1709 1371 1749 omne
1392 1695 1549 1763 integr-itate
1569 1699 1610 1754 vel
1631 1703 1731 1756 mer'to

104 1791 210 1845 demnas
226 1789 367 1854 vincente,
382 1789 425 1846 rel
440 1791 529 1846 domni
543 1791 681 1857 Germani,
693 1791 739 1847 ubi
751 1792 791 1845 vir
805 1805 886 1846 rene·
905 1780 999 1850 8⁸⁰⁰,
1016 1787 1111 1841 sicula
1132 1786 1209 1840 nobis
1224 1795 1356 1855 presente
1372 1796 1494 1858 tempore
1507 1796 1549 1843 est
1563 1805 1730 1859 possessum.

104 1880 197 1935 rabilis
212 1879 382 1936 bodoharius
397 1881 466 1936 abba
481 1897 596 1952 preesse
614 1882 731 1945 reditur,
747 1881 826 1937 silias
840 1897 889 1935 co·
944 1876 1079 1931 bertonus
1104 1877 1130 1930 in
1155 1876 1201 1931 Dei
1225 1876 1345 1932 nomine·
1365 1915 1373 1932 .
1396 1915 1404 1930 .
1424 1914 1434 1933 .
1455 1875 1590 1934 Prisciaco
1612 1879 1638 1935 io
1659 1895 1731 1949 pago

103 1967 294 2037 gnomenanus
308 1966 397 2023 Ourna.
409 1968 435 2022 iu
451 1983 520 2038 pag»
536 1969 709 2035 Dorcassioe,
722 1968 847 2024 Noviolio
863 1968 890 2023 in
941 1965 1133 2029 Garniiiaciusi,
1153 1967 1186 2020 ad
1201 1967 1302 2022 domne
1317 1968 1431 2022 ilartino
1456 1969 1484 2024 io
1507 1971 1565 2038 ipso
1583 1969 1732 2036 Prisciaco,

104 2073 175 2131 pago
186 2059 369 2129 borlcgarino,
382 2075 444 2115 coro
455 2075 536 2116 omne
549 2061 705 2131 intigritate,
716 2069 743 2114 ct
760 2099 891 2117 .....
943 2058 988 2112 obi
1010 2058 1172 2113 venerabil's
1194 2058 1234 2113 vir
1250 2057 1374 2114 Farulius
1389 2059 1456 2113 abba
1477 2073 1593 2128 praeesse
1613 2059 1729 2126 reditur,

105 2160 194 2208 totum
208 2160 237 2207 et
257 2151 289 2206 ad
304 2151 445 2219 integrum,
468 2151 658 2207 sicutanobis
673 2160 807 2222 praesente
824 2160 892 2206 tem-
943 2149 987 2204 ubi
1010 2150 1163 2218 sepulturas
1183 2156 1290 2204 nostras
1313 2150 1411 2204 ibidem
1440 2148 1564 2203 habimus
1596 2151 1730 2205 reconde·

104 2256 173 2313 pore
186 2249 228 2297 est
242 2257 406 2311 possessum.
422 2240 489 2298 Pare
504 2243 584 2297 modo
595 2243 727 2299 donamus
738 2243 893 2299 Vuabunia·
945 2248 985 2293 tas
989 2277 1115 2296 ·····
1136 2239 1247 2303 dedero,
1259 2248 1295 2295 ei·
1318 2281 1327 2297 ·
1348 2280 1355 2295 ·
1378 2279 1386 2294 ·
1406 2241 1489 2306 helii,
1515 2242 1632 2296 ironraoa
1651 2241 1732 2311 frasi

104 2346 152 2386 cos
175 2331 201 2386 in
225 2344 293 2400 pago
308 2330 469 2399 Beluaeiusi,
485 2331 517 2386 ad
537 2332 647 2388 basilica
661 2334 767 2388 riornnar
787 2373 794 2388 .
817 2373 824 2387 .
852 2373 861 2389 .
882 2373 890 2389 .
943 2329 1011 2384 letas
1032 2330 1058 2384 in
1080 2330 1131 2384 ista
1153 2331 1206 2385 bic.
1228 2368 1236 2385 .
1258 2369 1265 2384 .
1285 2329 1357 2399 urrod
1373 2332 1443 2386 beos
1456 2331 1590 2398 advertat,
1606 2332 1640 2387 de
1655 2332 1734 2387 nobis

105 2421 225 2478 Noaldus
235 2422 302 2477 abba
314 2437 429 2492 preesse
440 2423 554 2488 reditur,
565 2433 650 2479 tutum
661 2432 689 2480 et
700 2425 732 2479 ad
747 2426 890 2493 integrum,
945 2436 998 2474 non
1014 2421 1161 2486 contingat.
1185 2461 1192 2474 .
1214 2459 1221 2476 .
1243 2420 1405 2476 dulcissema
1427 2420 1527 2490 conjux
1549 2437 1608 2476 rttea
1623 2420 1733 2476 Ercam·

105 2528 168 2568 com
182 2512 334 2581 ageciencis
350 2514 390 2567 rel
409 2512 575 2583 adpendiciis
593 2515 659 2580 sois,
682 2515 751 2570 sicut
774 2531 789 2569 a
815 2515 893 2571 nobis
945 2513 1020 2567 berta
1043 2520 1132 2566 stante
1153 2511 1204 2565 ista
1219 2511 1310 2565 omnia
1330 2512 1403 2581 quod
1423 2511 1547 2580 superios
1561 2511 1689 2578 diximus,
1702 2525 1733 2567 se

105 2612 240 2674 praesente
255 2610 378 2672 tempore
398 2612 440 2657 est
455 2618 618 2673 possessum.
640 2605 774 2660 Donamus
794 2644 802 2660 .
824 2644 831 2659 .
853 2643 860 2659 .
883 2646 890 2660 .
944 2618 994 2657 nos
1005 2603 1159 2673 superstitis
1171 2601 1273 2667 aderat,
1285 2609 1313 2656 et
1325 2602 1412 2656 bessi
1425 2602 1532 2670 rosirit,
1545 2603 1624 2659 villas
1634 2616 1734 2671 eogno-

107 2692 269 2747 renerabilis
280 2690 477 2747 vandremarus
490 2694 557 2747 abba
570 2709 686 2763 praeesse
697 2693 816 2761 veditur,
832 2694 893 2749 villa
945 2699 1085 2747 menontcs
1096 2691 1237 2747 Lubariaei
1252 2692 1357 2761 inpage
1370 2689 1500 2747 Garoiasi.
1522 2730 1531 2745 .
1552 2730 1562 2746 .
1581 2730 1589 2746 .
1608 2692 1669 2746 sino
1683 2692 1733 2745 vil-

108 2789 325 2851 cognomenaatc
347 2783 555 2839 Gomario-rilla
583 2785 609 2839 in
635 2799 705 2856 pago
732 2786 892 2855 stampinsi,
945 2782 1001 2836 lare
1025 2796 1105 2850 super
1127 2797 1201 2835 marc
1224 2781 1336 2850 inpage
1358 2781 1490 2847 bertuino,
1512 2781 1595 2836 Golzo
1617 2781 1645 2834 in
1664 2793 1735 2851 pago

108 2887 170 2928 cmo
185 2888 265 2927 earne
289 2873 443 2942 integritate
464 2874 507 2929 rel
524 2875 622 2930 merito
645 2890 707 2942 suo,
724 2876 894 2945 ageciencias
946 2871 1076 2937 Losorion,
1088 2870 1274 2926 cambrimaro
1289 2872 1315 2925 io
1328 2885 1396 2940 pago
1413 2872 1544 2933 heroine,
1563 2869 1690 2927 Gedraco
1706 2871 1734 2925 io

108 2962 152 3019 rel
163 2961 216 3035 adp
219 3001 358 3027 ......
372 2963 441 3018 sicut
454 2979 469 3018 a
480 2965 558 3021 nobis
569 2974 702 3035 praesente
717 2974 839 3036 tempore
853 2973 894 3024 est
946 2977 1015 3034 pago
1033 2960 1202 3026 Gilimanico,
1223 2962 1356 3017 Abaciaeo
1380 2961 1408 3016 io
1423 2974 1491 3032 page
1513 2961 1681 3026 cilimanico,
1705 2970 1736 3016 ut

108 3068 275 3124 possessum.
290 3052 384 3109 Simile
398 3055 479 3110 modo
493 3055 624 3111 donamus
644 3056 678 3111 ad
702 3056 803 3113 domno
817 3055 894 3113 chri·
943 3053 999 3120 jnm
1010 3053 1077 3119 disi,
1091 3052 1243 3107 dulcissima
1256 3051 1357 3122 eonius
1370 3066 1428 3106 mea
1443 3051 1614 3109 Ercaomerta
1626 3068 1656 3108 se
1668 3053 1733 3107 nribi

108 3144 209 3210 stirilo,
222 3145 372 3201 monistirio
386 3145 533 3216 puellarum
549 3148 576 3202 io
591 3146 720 3211 Parisios,
735 3148 780 3203 obi
792 3146 895 3203 Laode-
909 3122 932 3184 c
947 3145 1106 3215 superstites
1121 3143 1214 3211 luerit,
1228 3143 1425 3212 suprascriptas
1440 3143 1527 3208 villas,
1543 3150 1597 3196 tarn
1610 3142 1644 3196 de
1658 3151 1735 3212 parte

108 3235 194 3290 trudis
214 3234 347 3290 abbatissa
362 3250 477 3305 praeesse
500 3236 606 3291 reditur
606 3275 793 3292 .......
815 3235 895 3292 Nori-
946 3251 995 3290 soa
1010 3250 1089 3303 uuam
1104 3244 1132 3288 et
1154 3233 1188 3289 de
1201 3243 1278 3304 parte
1293 3243 1394 3297 nostra,
1409 3233 1435 3286 io
1449 3248 1497 3286 sua
1517 3232 1597 3287 iaciat
1609 3245 1737 3285 revocare

107 3324 178 3380 liaeo
190 3325 216 3379 in
232 3339 300 3395 pago
313 3323 506 3382 Camiliacinsi.
529 3325 557 3382 ln
573 3327 619 3382 bei
639 3329 748 3384 nomine
763 3329 895 3385 donamus
948 3327 1153 3389 domenacione,
1167 3333 1196 3381 et
1209 3325 1366 3382 monisterio
1381 3326 1424 3380 obi
1439 3340 1469 3381 se
1483 3324 1589 3393 eligerit
1603 3324 1620 3378 d
1633 3324 1736 3395 (egere)

105 3414 312 3473 Gundullocurti
339 3418 365 3473 io
391 3433 459 3488 pago
480 3418 675 3484 camiliacinsi,
702 3420 842 3477 Premiaeo
868 3422 894 3476 in
949 3455 1106 3474 ......
1126 3431 1167 3472 re.
1189 3455 1196 3469 .
1218 3454 1227 3470 .
1247 3414 1343 3470 laturis
1359 3416 1531 3485 temporebus
1553 3415 1659 3485 adipso
1678 3429 1737 3468 rrte·

107 3521 177 3577 pago
192 3508 383 3576 aurelianinsi,
399 3508 432 3563 ad
446 3509 555 3565 basilica
571 3510 682 3580 pretiosi
695 3510 801 3565 dornnar
817 3511 895 3581 (ὓίο-
948 3509 1067 3565 nasterio
1083 3507 1226 3579 predictas
1248 3507 1326 3562 rillas
1338 3506 1448 3562 debiant
1469 3507 1601 3577 prolicere
1626 3508 1651 3562 ia
1673 3521 1738 3577 aug·

107 3597 169 3652 nisii
184 3598 311 3670 martyris
326 3598 382 3669 ubi)
397 3598 449 3668 ipsi
463 3599 488 3653 io
504 3588 791 3670 corporeflegoieseit,
806 3608 834 3656 et
848 3616 894 3655 re·
947 3609 1049 3656 mento.
1066 3599 1108 3664 Et,
1124 3609 1153 3654 ιιι
1165 3601 1223 3654 bae
1239 3598 1391 3654 delibiratio
1406 3608 1511 3665 uestra,
1523 3613 1603 3666 qoem
1619 3614 1668 3668 pro
1678 3600 1738 3653 ani·

107 3688 237 3744 ncrabilis
248 3687 359 3744 Charon
380 3691 449 3745 abba
463 3705 582 3761 praeesse
594 3690 711 3757 reditur,
731 3707 793 3746 cunr
816 3705 896 3746 otrrne
948 3694 999 3748 mis
1023 3692 1123 3747 nostris
1145 3691 1211 3746 dare
1233 3689 1413 3746 decrevimus.
1435 3728 1444 3745 .
1465 3728 1474 3744 .
1496 3728 1521 3753 .,
1542 3704 1590 3757 prr
1616 3700 1738 3758 ternpore

109 3778 266 3848 integritate
282 3783 322 3835 vel
338 3781 496 3836 soleditates
509 3796 613 3846 eorum,
628 3781 725 3835 sicota
740 3783 818 3836 nobis
832 3797 897 3851 pra·-
950 3783 1128 3845 conservitur,
1145 3781 1225 3835 sicot.
1247 3816 1255 3832 .
1276 3816 1284 3831 .
1306 3814 1314 3832 .
1336 3778 1355 3831 it
1370 3786 1506 3832 reservata
1518 3776 1551 3830 ad
1563 3776 1662 3831 locridis
1675 3792 1739 3831 nos-

71 3894 74 3899 ·
106 3876 185 3925 sente
201 3879 333 3940 ternpore.
356 3910 362 3923 .
385 3871 443 3924 .ad
470 3871 629 3925 monisterio
652 3870 835 3935 doliaovilla,
852 3871 896 3925 obi
950 3881 1006 3926 tros
1029 3871 1108 3924 vittas
1131 3867 1348 3937 cognominantis
1368 3867 1506 3922 iidoniaco
1524 3875 1552 3921 et
1573 3866 1695 3921 bliscello
1711 3866 1739 3926 in

108 3959 151 4015 vir
163 3959 324 4015 venerabilis
338 3959 419 4030 l‘igor
434 3961 501 4015 abba
515 3974 632 4030 pneesse
643 3959 759 4023 reditur,
774 3960 837 4014 villa
851 3974 897 4013 oo·
951 3975 1021 4030 pago
1034 3957 1196 4023 cadrocino,
1212 3955 1305 4012 Ocello
1328 3966 1355 4013 et
1370 3957 1496 4014 bociaco.
1519 3994 1528 4011 .
1549 3997 1556 4011 .
1577 3965 1665 4013 stante
1685 3959 1738 4012 ista

107 4051 284 4118 gnomiooote
304 4050 413 4119 villare,
438 4049 465 4105 in
489 4064 558 4122 pago
580 4047 718 4117 Orminsi‚
738 4063 798 4103 cum
816 4061 897 4104 omne
952 4053 1041 4107 cronia
1055 4051 1126 4121 qood
1138 4052 1408 4122 superioscommuui
1420 4051 1607 4107 convenientia
1623 4052 1736 4121 belonis,

108 4144 253 4198 meritust
272 4143 435 4212 integretate
454 4183 462 4197 .
485 4181 492 4197 .
515 4184 523 4200 .
544 4182 552 4197 .
572 4142 706 4197 donamus
728 4142 754 4195 io
778 4140 836 4195 bei.
856 4176 864 4194 .
887 4178 897 4195 .
951 4144 1069 4199 convinit
1083 4152 1112 4198 ot
1126 4144 1171 4212 qui
1188 4158 1252 4213 pare
1264 4159 1314 4199 suo
1329 4142 1488 4214 superstetis
1502 4143 1607 4207 aderat,
1619 4159 1663 4198 res
1673 4160 1739 4213 pore

107 4230 143 4286 ad
156 4231 320 4287 monasterio
335 4230 504 4299 Portmauro,
516 4232 563 4286 ubi
578 4232 620 4287 uir
630 4230 794 4288 venerabilis
805 4229 896 4284 Amal·
951 4249 1000 4290 suo
1010 4235 1148 4304 possedire
1158 4233 1267 4299 debirit,
1278 4242 1308 4288 ut
1320 4248 1362 4289 ne.
1384 4273 1394 4289 .
1414 4271 1422 4288 .
1443 4234 1588 4291 mercidem
1598 4233 1737 4290 amborum

111 4321 202 4378 carius
215 4321 283 4377 abba
299 4338 414 4394 preesse
428 4323 545 4389 reditur,
564 4322 660 4378 locello
680 4329 895 4392 cognomenante
951 4328 985 4382 ad
1002 4329 1061 4383 loca
1075 4339 1228 4384 sauctorum
1240 4327 1365 4399 delegare
1375 4329 1490 4384 debiret.
1504 4329 1579 4385 Unde
1594 4329 1661 4383 duas
1681 4330 1740 4399 epi·

108 4410 253 4479 alticiaco,
277 4413 303 4467 iu
323 4428 393 4482 page
408 4413 573 4470 ileeeraelus
595 4429 656 4469 cutm
680 4427 762 4469 omne
782 4413 894 4481 iotegrl-
913 4413 1034 4476 Dstoias
1049 4436 1103 4476 uno
1125 4431 1219 4476 tenore
1231 4423 1409 4492 conscriptas,
1425 4422 1495 4477 inter
1510 4436 1559 4476 nos
1574 4420 1630 4475 lleri
1645 4429 1673 4476 et
1695 4426 1739 4475 ltr-

110 4510 176 4558 tate.
197 4541 205 4557 .
227 4540 236 4557 .
256 4540 265 4556 .
284 4504 442 4574 quisquilia
462 4506 539 4562 uobis
554 4515 687 4578 praesente
701 4514 824 4575 tempore
845 4506 898 4561 ibi·
951 4526 1027 4567 mare
1041 4513 1171 4568 convinit.
1194 4552 1202 4566 .
1223 4550 1230 4564 .
1251 4509 1389 4573 Parisiaci,
1406 4511 1450 4566 obi
1462 4511 1647 4581 apostholicus
1659 4511 1738 4566 dom·

109 4591 224 4649 demeat
236 4610 401 4667 possessum.
412 4596 505 4653 Stroile
518 4598 599 4653 modo
609 4596 740 4654 deoramus
753 4598 899 4656 badenaco
952 4617 1001 4658 nos
1014 4610 1040 4658 et
1055 4611 1132 4673 pater
1151 4611 1245 4659 noster
1265 4600 1414 4672 Sigolridus
1429 4618 1545 4674 praeesse
1558 4601 1675 4670 reditur,
1695 4618 1740 4659 rs·

109 4792 247 4850 conutnn
263 4794 313 4851 lois
328 4812 344 4852 c
360 4812 375 4850 a
391 4796 511 4852 lloberto
524 4812 598 4865 rege,
613 4805 643 4852 ut
661 4807 775 4854 testator
790 4799 900 4867 llelgal-
951 4815 1031 4856 mano
1054 4798 1141 4854 dicata
1161 4798 1276 4854 ecclesia
1294 4805 1405 4866 agatur,
1426 4813 1488 4853 com
1512 4797 1605 4868 plures
1628 4793 1740 4850 Parisiis

109 4861 169 4943 dus.
185 4863 238 4919 Sed
253 4875 400 4935 (reponunt
414 4867 514 4923 chartas
529 4868 696 4938 defensores)
712 4869 826 4924 eeclesia
844 4868 901 4925 baec
951 4869 1075 4926 ecclesiae
1093 4870 1143 4924 sub
1160 4869 1210 4923 bac
1222 4867 1404 4937 appellatione
1417 4876 1566 4922 exstarent.
1581 4865 1619 4920 lle
1633 4867 1739 4921 tmteris

108 4945 165 5001 gam
178 4931 297 4990 Abboois
308 4944 429 5006 tempore
440 4939 546 4991 ridetur
556 4937 702 5002 exstitisse,
714 4939 773 5007 ipso
786 4936 900 4994 ibbone
950 4941 1072 5001 silemus,
1088 4947 1115 4992 et
1132 4939 1164 4992 ad
1186 4937 1381 5000 llabiiloniom,
1400 4937 1437 4992 lle
1452 4952 1481 4990 re
1496 4937 1573 5005 dipl..
1592 4943 1621 4989 ct
1644 4934 1739 5002 suppl.

110 5010 189 5066 teste,
216 5018 248 5058 ac
273 5008 386 5074 proinde
406 5017 469 5062 ante
489 5007 598 5062 [teberti
621 5007 692 5075 regis
718 5017 854 5076 ternpora;
872 5017 900 5064 et
970 5022 1009 5076 og.
1026 5008 1072 5072 2i,
1088 5006 1298 5076 naualibusque,
1313 5015 1336 5064 t.
1352 5008 1373 5073 l,
1387 5020 1448 5076 pag.
1465 5004 1528 5070 abt,
1545 5003 1740 5066 Germaniam,

111 5068 233 5140 llelgoldi
250 5077 340 5138 rerba,
356 5075 389 5132 de
411 5077 494 5146 ipsius
516 5078 711 5132 instauratione
726 5077 899 5146 intelligenda
951 5025 1120 5135 iloinartium
1135 5085 1163 5132 et
1178 5075 1358 5132 l'ootauinum
1372 5078 1546 5134 reroittinros.
1567 5072 1742 5154 instrumenti

110 5150 183 5195 som.
196 5142 346 5199 erendum
358 5154 446 5200 murco
458 5153 501 5201 est
513 5146 564 5202 boc
577 5145 637 5202 loco
648 5146 806 5211 llelgairlum
820 5162 901 5216 agere
950 5147 1134 5205 sinceritatem
1147 5146 1314 5215 potissimum
1332 5156 1421 5202 tuetur
1435 5146 1555 5214 ejusdem
1571 5147 1741 5198 instrumento

110 5209 148 5264 de
169 5214 294 5274 conditis.
320 5231 374 5269 non
396 5214 431 5272 de
455 5216 611 5271 instauratis
626 5217 748 5285 pluribus
766 5215 900 5285 ecelesiis,
951 5225 1072 5273 vetustas
1085 5218 1321 5286 venerandaque
1332 5224 1455 5286 tempora
1466 5213 1645 5282 blcroringica
1660 5226 1740 5281 pror-

110 5279 183 5361 lpter
195 5296 263 5350 quas
276 5282 305 5338 S.
322 5282 450 5340 Germani
471 5286 608 5341 basilicam
623 5295 766 5339 memorat.
780 5285 812 5339 2⁰
826 5286 900 5342 Basi·
951 5302 997 5343 sus
1011 5287 1090 5355 sapia
1114 5285 1179 5340 iilud
1201 5303 1250 5356 pre
1266 5286 1385 5355 legitimo
1400 5286 1528 5347 imbuere,
1547 5292 1645 5352 preter
1659 5295 1741 5363 sopra

111 5347 191 5430 boam
207 5367 268 5423 quae
285 5354 366 5409 bodie
380 5369 477 5410 nomen
489 5354 597 5424 prulert
611 5354 639 5408 S.
655 5354 782 5409 Germani
801 5370 815 5409 a
832 5354 899 5411 Pra·
952 5357 1074 5411 laudatos
1095 5365 1222 5412 auctores
1244 5356 1324 5411 Nora
1346 5355 1417 5411 Gall.
1438 5355 1610 5419 christianae,
1641 5347 1741 5413 bill,

110 5426 158 5485 trs,
175 5421 230 5487 iarn
254 5422 307 5476 boc
321 5424 429 5478 nomine
443 5424 676 5480 sobTbeodorico
690 5422 722 5478 lli
736 5426 901 5493 appellatam
951 5427 1005 5482 eol.
1028 5425 1098 5491 tts;
1125 5426 1225 5482 bobois
1249 5426 1275 5480 iu
1301 5424 1371 5481 illst.
1394 5424 1465 5480 iel.
1490 5422 1658 5483 Parisiensis,
1675 5426 1695 5472 ι.
1720 5416 1741 5482 l,

111 5484 195 5545 luisse
210 5502 335 5547 asserunt
349 5492 518 5548 liabillooios
532 5501 560 5548 et
581 5494 639 5562 ejus
653 5496 773 5560 asscc'oe,
790 5509 824 5549 ex
839 5496 902 5552 ritis
951 5511 1011 5568 pag.
1028 5494 1120 5549 atses
1139 5495 1208 5563 ats;
1223 5494 1376 5551 Felibiooos
1392 5495 1418 5550 iu
1435 5493 1502 5548 llist.
1516 5493 1579 5548 abb.
1596 5491 1627 5547 S.
1642 5490 1743 5559 Diony·

110 5556 141 5613 8.
157 5557 288 5616 Balbildls
306 5572 334 5617 et
347 5565 376 5618 S.
391 5563 479 5632 ergit.
496 5563 669 5634 Respondent
682 5565 782 5619 eborae
797 5565 901 5620 calum·
951 5567 994 5630 sii,
1011 5564 1089 5636 prob.
1103 5579 1164 5646 pag.
1177 5566 1222 5629 50,
1236 5566 1320 5620 etalii
1333 5567 1402 5621 bene
1415 5563 1503 5619 multi.

110 5627 232 5685 uiatores
247 5634 381 5688 nonsatis
399 5641 524 5689 constare
539 5649 572 5687 ao
587 5635 613 5688 in
629 5634 671 5688 bis
682 5634 790 5704 seriptis
805 5636 840 5690 de
854 5650 901 5691 ec·
988 5645 1002 5674 ⁸
1016 5635 1122 5696 blarinr,
1138 5649 1199 5705 pag.
1223 5632 1285 5699 illl,
1299 5636 1393 5691 scribit
1414 5632 1585 5692 leodoinus,
1606 5645 1687 5701 qnam
1705 5628 1742 5685 le·

108 5695 193 5755 cleda
203 5698 234 5756 S.
246 5699 373 5759 Germani
383 5701 618 5761 Proteosisaotde
629 5702 778 5774 aliaaliqua
789 5703 818 5761 S.
831 5701 898 5760 Ger·
951 5705 1069 5764 ctionem
1079 5702 1138 5773 iam
1148 5702 1321 5762 itabiliooios
1336 5705 1356 5762 l.
1372 5721 1398 5760 c.
1414 5705 1516 5763 erroris
1530 5708 1668 5775 arguerat.
