3810 6128
133 324 202 385 tuse
745 322 884 383 nnunts
905 323 950 383 so
969 322 1136 383 ιιιιιιιι.
1415 299 1416 303 ‘
1687 323 1756 377 tuto

132 431 297 502 ementita,
310 439 358 488 ant
370 432 393 488 si
413 438 487 487 certe
500 432 552 502 piac
570 433 740 504 purissimum
756 435 918 504 patefacient
933 461 953 513 ll
971 442 1068 503 lantes,
1083 449 1144 491 enm
1168 432 1318 489 bumilitate
1342 431 1482 488 flectentes
1505 446 1577 502 genu
1597 432 1647 487 sub
1666 432 1757 489 silenti

132 524 271 582 amctmn.
284 525 450 581 servandum
465 528 756 596 ergoestlamnlisrel
771 528 921 585 famulabus
969 539 1037 580 tneo
1059 524 1273 579 benedictionem
1292 530 1395 592 rogent.
1411 521 1445 576 Et
1465 522 1489 577 ιι
1509 521 1661 577 ordinatum
1677 522 1757 578 fuerit

132 614 414 684 charantanum
438 615 509 671 intra
530 618 629 674 mentis
642 625 742 673 statum
755 633 788 674 ea
803 619 921 674 nutriant
970 612 1004 668 ab
1024 613 1169 679 abbatissa,
1194 621 1224 667 ιιι
1238 628 1298 669 tum
1314 614 1355 668 ¹¹1⁸
1369 612 1458 682 ²¹5th
1476 625 1599 668 ⁸⁰f⁰lltss
1620 612 1755 683 loquitur.

131 722 193 781 qnae
207 722 300 763 asera
319 707 471 763 humilitate
489 717 518 764 et
535 709 667 766 charitate
687 725 742 766 non
756 709 896 766 discedant
912 727 919 764 ι
970 705 1118 761 cumomni
1139 703 1290 760 hnmilitate
1302 713 1330 760 et
1350 703 1480 761 ntodestia
1495 718 1529 761 ac
1547 702 1695 760 sobrietate
1717 705 1758 761 lo·

132 801 162 857 in
179 798 278 871 miluus
290 814 395 855 summa
413 806 520 855 consus
536 800 674 857 virtutum,
689 800 756 857 Nam
770 804 840 857 sient
852 785 921 856 nun·
969 793 1118 863 quendum,
1132 802 1174 849 est
1188 813 1194 850 :
1210 802 1240 849 ut
1253 795 1279 850 iu
1293 794 1418 851 omuibus
1436 794 1479 850 his
1497 793 1581 851 fictas
1601 782 1758 851 hamilitatis

132 904 215 961 qnam
229 888 288 946 alne
300 904 365 946 aera
379 890 531 947 humilitate
552 907 615 948 aera
631 901 723 949 manet
734 894 863 958 charitas,
884 893 921 949 ita
971 897 1003 940 ιο
1016 884 1171 941 sobrietatis
1186 884 1345 940 ittreuiatur.

132 994 271 1051 nunqnam
284 980 387 1049 absque
398 994 461 1035 tera
474 980 606 1037 charitate
621 997 684 1038 tera
706 989 797 1039 manet
818 983 921 1039 bamili·
1260 1039 1267 1055 ,
1331 1038 1337 1051 ,

133 1084 186 1131 tas.
205 1073 372 1145 Arripiatuns
385 1086 450 1143 ergo
470 1072 603 1131 instruere
616 1074 832 1141 fundamentum,
845 1081 875 1129 nt
888 1074 921 1129 ad
1248 1037 1362 1094 ww
1380 1036 1472 1094 xxm·

132 1164 239 1221 eulmen
262 1164 453 1235 perveniamus
472 1164 612 1220 virtutum.
632 1164 678 1221 Sic
696 1165 770 1235 prius
784 1163 922 1221 humilitas
1006 1146 1046 1202 ⁰⁶
1059 1163 1111 1204 ’¹⁰¹⁸
1125 1147 1285 1219 defendenda
1304 1150 1424 1216 lf⁰1fm⁰
1437 1152 1477 1205 ⁰⁶¹
1491 1167 1682 1225 ‘fmilmllff
1695 1155 1723 1209 ¹3⁸

132 1256 306 1311 monstrantia
321 1264 376 1310 mm
390 1262 452 1311 aeto
466 1269 547 1324 qnatn
561 1254 670 1323 adactu,
685 1263 715 1311 ιι
728 1266 790 1326 post
803 1255 921 1311 charita·

134 1344 169 1401 tis
179 1343 259 1417 copia
272 1344 428 1400 edificetur.
444 1342 479 1401 Et
491 1334 598 1417 qnando
611 1346 663 1403 sibi
676 1347 818 1402 mutuatim
838 1348 864 1401 iu
879 1346 922 1402 uia
1007 1345 1156 1402 lietenbere
1170 1346 1318 1415 proximum
1339 1346 1381 1401 rel
1400 1349 1628 1419 consanguineam
1651 1353 1677 1409 ia
1700 1367 1758 1409 ma·

132 1430 177 1491 rel
190 1433 218 1489 in
233 1448 395 1503 quocunque
405 1435 468 1494 loco
480 1436 659 1506 occurrerint,
673 1420 820 1493 cumomni
834 1438 923 1494 humi·
971 1437 1089 1493 nasterio
1103 1437 1176 1494 nullo
1195 1439 1275 1493 ntotlo
1289 1437 1407 1508 permitti
1424 1454 1574 1499 censemus.
1599 1441 1671 1510 Quid
1688 1445 1760 1500 enim

132 1520 211 1579 litate
228 1523 393 1581 abinvicem
414 1524 555 1583 flectentes
578 1527 794 1586 benedictionem
815 1537 919 1598 rogent.
971 1526 1050 1583 aliam
1066 1526 1201 1593 defendat,
1217 1542 1276 1598 quac
1286 1528 1342 1597 jum
1362 1528 1413 1583 sibi
1425 1544 1479 1584 non
1493 1530 1573 1599 vivit,
1592 1531 1637 1588 sed
1652 1528 1760 1587 Christo

132 1610 167 1667 tit
180 1613 204 1669 si
221 1628 257 1669 ex
270 1614 310 1671 eis
329 1630 383 1671 nna
395 1616 486 1674 senior
498 1616 593 1684 fuerit,
608 1618 682 1689 prins
696 1619 788 1688 iunior
810 1620 921 1676 henedi-
971 1634 1050 1689 quem
1075 1620 1177 1675 imitata
1201 1629 1291 1674 manet
1312 1620 1462 1676 eracillsal
1479 1636 1538 1691 quae
1552 1623 1687 1693 propriam
1703 1622 1761 1677 ani-

1280 1220 1447 1274 montanerio.

132 1706 252 1760 etiouem
266 1706 404 1776 postulet;
424 1715 489 1765 tnnc
501 1707 609 1765 demum
628 1710 720 1767 senior
732 1720 920 1782 prosequatur.
972 1727 1052 1779 mam,
1065 1720 1095 1767 nt
1105 1712 1213 1768 uberius
1226 1711 1304 1767 saluti
1317 1711 1452 1782 iungeret,
1463 1712 1537 1783 prins
1548 1713 1661 1784 perdidit
1672 1715 1683 1766 l
1696 1715 1761 1782 Qua

131 1794 164 1851 ln
176 1812 258 1853 enrstt
272 1813 336 1855 tero
350 1800 454 1868 posita,
468 1808 550 1871 prout
562 1800 596 1857 ab
615 1801 749 1858 abbatissa
765 1802 863 1859 fuerint
876 1818 922 1858 or·
935 1829 960 1890 B
972 1816 1037 1873 ergo
1060 1804 1181 1876 proprias
1202 1803 1318 1875 perdidit
1341 1805 1507 1871 voluntates,
1526 1812 1556 1859 ut
1576 1804 1675 1860 Christi
1690 1805 1718 1860 in
1731 1819 1762 1860 so

131 1884 241 1951 distata,
255 1887 299 1944 rel
312 1888 346 1945 ad
360 1888 493 1959 psalmum
507 1888 667 1959 cauendum,
679 1891 721 1947 sel
733 1892 863 1948 lectiones
876 1906 920 1949 re-
972 1896 1138 1953 roluutatem
1160 1896 1294 1968 impleret,
1310 1912 1360 1953 cur
1381 1896 1495 1952 aliarum
1508 1895 1607 1951 delicta
1622 1894 1760 1960 defendet,

131 1976 266 2047 aaran,
277 1979 319 2035 rel
329 1981 410 2035 etism
420 1979 455 2035 ad
466 1981 716 2038 communicandum
730 1990 921 2049 contenanum
971 2002 1032 2058 qua
1044 1988 1153 2059 propria
1165 1988 1317 2044 eruciftsitl
1331 1986 1399 2043 Etsi
1412 1986 1440 2043 ln
1454 1987 1567 2043 ueritate
1580 1985 1724 2057 erneidslt,
1734 1997 1763 2045 ot

131 2069 255 2127 ordinem
265 2071 418 2127 custodiant
431 2089 439 2127 r
454 2087 489 2128 ne
499 2074 675 2129 constitutum
687 2072 737 2129 sihi
749 2072 838 2130 lacum
849 2081 922 2130 tran·
972 2092 1027 2134 non
1041 2078 1140 2134 mnodo
1152 2077 1219 2149 jam,
1234 2079 1282 2134 sed
1296 2077 1404 2134 Christo
1416 2077 1492 2145 tivit,
1505 2093 1554 2133 cttr
1573 2077 1600 2132 iu
1612 2076 1712 2133 mundo
1724 2078 1762 2134 fa·

130 2162 253 2219 silicntet
271 2163 298 2218 in
312 2164 467 2220 ambitionis
487 2165 532 2221 ιιι
546 2167 706 2236 armgantlae
726 2166 792 2223 uitia
813 2166 920 2224 demer·
972 2168 1108 2227 cineribus
1129 2170 1250 2226 labentes
1264 2183 1314 2240 pro
1334 2169 1454 2239 qualibet
1474 2168 1655 2225 familiaritate
1667 2169 1762 2226 defen·

129 2264 240 2327 gantur.
253 2254 403 2313 Abbatissaa
422 2271 488 2312 aero
501 2256 661 2313 studendum
672 2265 723 2324 est,
743 2265 772 2313 ut
787 2271 835 2328 per
848 2257 922 2313 ordi·
971 2260 1040 2317 dat?
1058 2258 1099 2315 Sit
1112 2274 1177 2330 ergo
1190 2260 1214 2316 ei
1229 2274 1321 2329 aequas
1339 2276 1417 2316 amor
1431 2272 1484 2315 tam
1499 2264 1526 2316 in
1545 2262 1760 2331 consanguinea,

130 2360 194 2407 nem
203 2344 277 2403 aiem
289 2358 427 2401 conversae
440 2344 466 2399 in
481 2346 647 2401 monasterio
659 2343 769 2412 fuerint¹
783 2346 820 2401 ita
834 2345 861 2400 in
871 2361 921 2403 sua
971 2364 1051 2420 qnam
1073 2350 1100 2405 in
1115 2359 1212 2406 caetera
1226 2363 1332 2416 sorore,
1350 2364 1410 2419 qnae
1423 2350 1449 2405 ei
1472 2350 1609 2419 sattguinis
1630 2350 1762 2407 alifttitato

129 2440 227 2497 ordine
244 2434 445 2496 constituantur
459 2450 467 2488 :
482 2442 580 2503 praeter
591 2433 614 2489 si
629 2434 739 2491 uberius
752 2434 922 2491 conuersatio
972 2454 1026 2496 nan
1037 2439 1168 2511 juugitur.
1185 2438 1292 2495 llaueat
1310 2453 1375 2509 ergo
1391 2440 1416 2495 itt
1435 2440 1559 2497 omnibns
1580 2456 1657 2496 arnor
1679 2443 1763 2499 cartle

129 2530 269 2599 religionis
288 2530 431 2595 meruerit,
444 2530 472 2584 al
487 2525 597 2584 inantea
611 2531 824 2594 promoventem
841 2525 885 2580 ιιι
898 2524 921 2580 ιι
970 2531 1091 2595 clausus,
1106 2545 1156 2586 nee
1170 2545 1322 2601 quanquam
1341 2531 1392 2586 sub
1412 2530 1559 2601 disciplinae
1577 2531 1763 2589 moderamina

129 2620 314 2691 antinomias
336 2622 469 2689 steterit.
484 2626 513 2675 ul
534 2628 609 2676 retro
630 2612 798 2689 regradetur·
813 2616 842 2674 Si
856 2630 921 2676 tiro
971 2622 1086 2697 positam
1095 2621 1166 2681 tueri
1178 2622 1285 2681 studeat
1296 2639 1303 2678 :
1316 2637 1351 2681 na
1362 2621 1458 2679 titium
1475 2619 1637 2679 defendendi
1652 2622 1681 2679 in
1695 2622 1762 2679 alias

128 2712 221 2783 aliqua
234 2726 268 2769 es
286 2713 424 2769 sororibus
443 2718 623 2781 cognoscatur
641 2711 776 2768 seniorem
795 2709 922 2767 affectare
970 2715 1099 2772 dimittat.
1121 2716 1163 2771 Sit
1186 2727 1251 2784 ergo
1275 2714 1302 2769 itt
1327 2714 1440 2769 arbitrio
1463 2712 1637 2783 corrigentis,
1654 2722 1762 2783 atquae

128 2801 233 2869 locum,
244 2816 305 2857 eum
320 2801 471 2858 verecunda
487 2801 664 2871 castigatione
675 2800 821 2872 repellatur
836 2818 843 2853 :
858 2800 921 2873 quia
970 2806 1081 2876 corrigit
1094 2806 1144 2862 aab
1158 2804 1258 2861 amoris
1276 2803 1382 2870 studio,
1405 2818 1459 2859 nott
1473 2803 1610 2874 propriam
1625 2805 1761 2874 implendo

129 2906 186 2949 non
199 2892 284 2949 debiti
296 2891 508 2950 hanorlsloenm
522 2892 702 2963 presumpsit,
716 2906 768 2948 noe
783 2890 922 2961 religionis
970 2896 1149 2964 volontatem,
1170 2895 1217 2953 sed
1240 2895 1305 2952 titia
1328 2894 1504 2965 corrigendo,
1523 2894 1621 2950 inierat
1641 2894 1761 2967 discipli·

128 2983 308 3051 eamusercio,
322 2982 371 3039 sed
393 2981 548 3037 ambitionis
566 2982 695 3038 honorem
709 2978 859 3036 indebitum
872 2993 920 3037 eo·
971 3002 1044 3044 naun.

129 3083 194 3129 nata
206 3081 248 3131 est
257 3074 385 3145 arripere.
400 3072 429 3128 lu
441 3086 571 3129 consessu
580 3086 714 3139 sororum,
727 3070 751 3127 si
762 3070 814 3126 alia
827 3084 920 3141 snper-
1251 3093 1365 3152 (ΛΡΜ
1388 3093 1480 3150 χχιιι,

127 3165 244 3231 ιιιιιιι,
258 3180 318 3237 quar
334 3166 456 3237 juniores
469 3172 534 3221 snut
554 3163 660 3233 ordine,
675 3170 824 3233 assurgam,
839 3171 869 3218 et
880 3177 957 3251 sec

128 3258 201 3317 niori
214 3258 302 3315 locum
314 3259 460 3329 praebeant.
475 3257 601 3313 iuniores
613 3270 679 3313 tero
691 3255 792 3312 seniori
805 3254 919 3311 nullate·

129 3364 181 3405 nas
191 3346 373 3419 superbiendo
388 3346 594 3411 contradictum
608 3344 729 3401 sedeam
744 3344 817 3400 omni
831 3343 920 3400 humi·
1006 3338 1123 3396 lufaates
1145 3341 1173 3396 in
1192 3342 1357 3398 monasterio
1370 3353 1471 3412 quanta
1485 3359 1547 3400 cura
1569 3353 1597 3401 et
1616 3344 1758 3418 disciplina

129 3440 208 3495 litate
224 3439 268 3495 ιιι
286 3440 469 3508 interrogata,
484 3437 528 3493 tel
541 3442 673 3506 correpta
686 3434 877 3506 respondeant.
891 3434 921 3492 si
971 3429 1027 3489 sint
1049 3431 1223 3498 enutriendae,
1244 3432 1336 3488 multis
1349 3431 1490 3489 didicimus
1510 3434 1688 3492 documentis.
1706 3433 1760 3493 be·

128 3528 266 3585 labentem
280 3529 308 3585 in
327 3527 467 3599 quodlibet
479 3526 607 3583 delictum
623 3525 716 3594 junior
729 3525 864 3583 seniorem
877 3540 922 3582 as·
970 3523 1035 3581 hant
1049 3525 1120 3581 enim
1132 3526 1228 3580 nutriri
1238 3541 1297 3582 cum
1312 3526 1385 3582 omui
1398 3528 1506 3598 pietatis
1519 3528 1627 3600 ellectu,
1641 3539 1668 3586 ct
1682 3530 1762 3588 disci·

128 3621 246 3693 pestmh,
271 3637 324 3679 non
347 3619 546 3692 exprobrando,
570 3619 618 3676 sed
643 3619 728 3689 magis
750 3619 866 3677 dolenda
886 3618 921 3676 ad
972 3614 1051 3687 plinta
1065 3616 1215 3673 ministeio
1230 3635 1236 3669 :
1253 3617 1409 3673 nedesitllae
1424 3620 1466 3675 tel
1481 3620 1599 3677 lasciuire
1623 3622 1689 3678 uitio
1711 3626 1762 3679 sub

129 3710 314 3767 conliteudnm
328 3710 469 3768 abbatissae
481 3708 526 3766 ιιι
546 3708 695 3780 praeposite
708 3708 807 3781 dirigas
822 3728 829 3763 ε
844 3708 921 3764 simi·
971 3712 1065 3761 tenera
1079 3714 1159 3762 aetate
1172 3706 1324 3771 maculata,
1337 3716 1384 3762 aut
1396 3708 1452 3772 uia,
1472 3720 1520 3765 aut
1533 3710 1686 3767 nullatenus
1699 3726 1762 3783 pos·

130 3799 194 3857 liter
205 3800 297 3857 senior
314 3800 415 3870 juniori
424 3798 516 3855 faciat.
531 3799 573 3855 ιιι
587 3796 785 3855 confessionem
798 3798 919 3863 veniens,
971 3792 1026 3849 sirit
1047 3804 1142 3864 postea
1162 3794 1271 3865 corrigi.
1297 3794 1339 3851 Sit
1359 3810 1424 3867 ergo
1447 3799 1474 3853 ia
1501 3799 1540 3855 ιιι
1555 3807 1630 3855 tanta
1643 3816 1718 3869 cura,
1733 3809 1764 3856 ιι

132 3890 208 3961 prins
222 3898 356 3961 prostrata
369 3903 450 3958 supra
462 3888 584 3954 humum,
598 3902 673 3943 snam
687 3886 793 3957 culpam
807 3900 867 3941 esse
878 3885 920 3940 di·
971 3900 1109 3955 nunqnam
1122 3885 1180 3941 sine
1190 3887 1298 3943 seniore
1309 3887 1361 3942 hnc
1371 3896 1453 3959 atque
1465 3890 1528 3945 illuc
1541 3890 1621 3946 liceat
1633 3890 1742 3949 deviare
1755 3912 1762 3947 ι

131 3990 196 4041 eat:
211 3982 251 4037 sic
267 3988 409 4052 postquam
423 3992 533 4049 surgere
544 3977 670 4046 jubetur,
684 3992 760 4033 snam
774 3975 922 4032 confessio·
971 3975 1019 4031 sed
1041 3989 1150 4045 semper
1168 3976 1202 4031 ab
1225 3975 1283 4044 ejus
1305 3977 1445 4047 disciplina
1470 3986 1599 4046 retentae,
1614 3989 1640 4035 et
1659 3982 1764 4036 timoris

133 4086 197 4128 nent
212 4069 375 4126 manifestet.
391 4069 503 4136 Quando
524 4070 557 4124 ad
572 4065 681 4137 aliquod
694 4081 763 4137 opus
776 4064 832 4121 lieri
848 4080 922 4121 com·
972 4064 1020 4121 liei
1033 4080 1065 4120 ac
1080 4064 1180 4121 amoris
1193 4066 1316 4122 doctriua
1329 4067 1448 4135 imbutae,
1464 4068 1497 4123 ad
1510 4070 1612 4125 cultum
1627 4069 1764 4127 ittstrnan·

132 4170 239 4219 meatus
252 4170 373 4230 rogatur,
391 4162 470 4216 nenia
483 4160 557 4232 prins
569 4166 687 4231 petatur,
702 4166 731 4213 et
743 4158 782 4215 sle
793 4158 827 4213 de
840 4172 922 4227 opere
972 4166 1018 4213 ιιι
1031 4158 1176 4228 religionis.
1193 4156 1316 4213 ilabeant
1328 4159 1452 4215 lectionis
1466 4177 1553 4228 asnm;
1566 4170 1596 4217 ιι
1605 4161 1655 4219 suh
1667 4162 1766 4233 puerili

132 4254 206 4327 qttod
227 4252 380 4310 faciendum
390 4259 433 4309 est
445 4260 613 4310 commentas
622 4259 744 4320 rogetur.
759 4249 872 4316 Quando
886 4248 922 4304 ad
972 4256 1053 4305 atate
1066 4249 1180 4317 discant,
1194 4249 1266 4320 qaod
1281 4249 1315 4306 ad
1335 4249 1480 4319 perfectam
1493 4252 1617 4309 deductis
1630 4252 1764 4325 prodciat.

133 4345 297 4403 abbatissam
320 4344 437 4412 venitur,
460 4359 522 4400 cum
548 4344 621 4400 omni
646 4342 797 4399 humilitate
816 4341 922 4398 reniam
971 4338 1002 4397 ln
1015 4339 1158 4397 refectorio
1172 4356 1220 4411 per
1232 4355 1262 4397 se
1275 4355 1394 4397 mensam
1408 4342 1526 4398 habeant
1537 4343 1614 4412 juxta
1628 4344 1765 4400 seniorum

133 4438 252 4509 petendo
266 4437 425 4502 accedatur,
438 4435 562 4492 similiter
574 4433 681 4505 qnando
693 4434 847 4503 egreditur,
860 4447 922 4488 cttm
973 4444 1095 4487 mensam
1114 4430 1240 4502 positam.
1261 4429 1388 4487 seniores
1404 4440 1491 4488 tamen
1506 4432 1550 4488 rel
1563 4431 1636 4500 dnae,
1650 4432 1693 4488 ael
1707 4448 1765 4487 am·

133 4529 221 4585 reniae
229 4529 361 4600 petitione
371 4528 521 4583 benedictio
532 4533 677 4596 queratur.
691 4523 767 4579 Nulla
777 4523 923 4579 monacha·
938 4520 1053 4608 upbus,
1069 4518 1104 4577 de
1116 4536 1227 4592 quarum
1241 4521 1371 4591 religione
1384 4537 1438 4577 nun
1465 4522 1620 4589 dubitatur,
1639 4537 1700 4578 eum
1725 4522 1766 4580 eis

133 4632 194 4673 snm
209 4632 259 4689 por
278 4618 450 4688 semetipsam
469 4616 503 4671 de
526 4615 632 4686 propria
656 4612 817 4669 tteccsnftate
838 4612 922 4667 abba·
976 4613 1098 4677 sedeant,
1111 4619 1142 4667 ιι
1153 4628 1259 4683 semper
1270 4615 1366 4671 timore
1384 4616 1546 4685 anteposito,
1561 4615 1613 4671 snb
1628 4622 1703 4670 metu
1722 4630 1766 4671 se-

134 4706 208 4763 tissae
228 4714 363 4777 suggerat,
377 4706 425 4762 scd
439 4720 533 4762 omnes
545 4720 595 4775 per
609 4704 778 4776 praepositam
792 4700 923 4774 quidquid
977 4701 1084 4758 uiarum
1095 4704 1261 4759 nutriantur.
1277 4704 1379 4771 Quibus
1393 4720 1459 4760 uero
1482 4706 1557 4763 horis
1577 4704 1709 4773 reiciant,
1724 4707 1766 4763 ιιι

135 4797 327 4853 resultatum
346 4796 427 4852 inerit
450 4796 590 4852 abbatissae
602 4796 728 4851 studeant
745 4794 879 4851 intitnare.
894 4793 923 4851 st
977 4807 1101 4849 somnum
1113 4794 1229 4864 capiant,
1244 4793 1384 4849 abbatissae
1397 4793 1508 4849 arbitrio
1522 4794 1687 4866 pensandum
1700 4801 1742 4852 est
1757 4813 1764 4849 :

84 4910 87 4915 ·
134 4887 264 4944 sacerdos
285 4888 328 4943 ιιι
349 4887 462 4960 quilibet
482 4887 622 4957 rebglosus
645 4888 760 4953 tenerit,
785 4894 814 4941 ut
837 4887 861 4941 el
877 4899 925 4955 per
978 4883 1046 4940 utin
1066 4884 1190 4941 omnibns
1210 4885 1338 4940 virtutum
1361 4884 1483 4941 custodia
1502 4886 1628 4944 diseretio
1647 4887 1767 4958 reperia-

135 4976 279 5035 abbatissae
291 4986 472 5035 commeatum
491 4977 527 5033 sit
540 4977 747 5043 occurrendum,
762 4993 777 5030 a
793 4978 872 5044 longe
885 4991 926 5031 aa·
979 4983 1032 5030 tar.

798 5182 1097 5286 LECTORI.

170 5351 202 5410 ln
214 5349 299 5408 aeteri
312 5347 424 5415 Codice,
433 5347 479 5415 qni
494 5354 648 5401 sanctorum
662 5344 774 5399 Petrum
786 5343 949 5398 monastices
960 5341 1114 5399 sanctiones
1128 5341 1257 5403 eontinet,
1271 5342 1354 5397 etiarn
1367 5349 1512 5410 sequentes
1520 5341 1580 5396 duas
1590 5341 1767 5400 constitutio·

136 5462 196 5511 nes,
210 5444 296 5499 altera
310 5440 402 5496 nescio
418 5437 495 5507 enjus
508 5438 608 5507 regula
617 5440 786 5501 devotarum,
798 5434 883 5490 altera
903 5435 1010 5491 concilii
1023 5433 1187 5502 hispalensis
1198 5434 1324 5500 secundi,
1345 5443 1406 5504 post
1426 5434 1553 5500 Regulam
1571 5435 1657 5491 saneti
1672 5435 1768 5493 lsitlarl

137 5541 307 5613 legebantur.
326 5534 376 5589 lias
388 5547 506 5603 quoque,
523 5532 584 5602 qnia
600 5530 632 5584 ad
657 5529 788 5598 tinginutn
807 5526 1049 5584 sanctimonialium
1064 5541 1155 5582 curam
1174 5541 1206 5581 ac
1228 5525 1395 5595 disciplinam
1418 5532 1538 5581 ueterem
1554 5528 1698 5597 pertinent,
1714 5531 1768 5585 huc

138 5632 199 5689 loco
212 5625 315 5700 placuit
325 5624 467 5687 exbibere;
484 5630 513 5675 nt
526 5633 619 5675 amnes
632 5634 716 5674 saeua
730 5618 897 5688 antiquitatis
909 5615 1036 5685 reliquias
1049 5631 1130 5685 quam
1151 5615 1207 5671 lieri
1219 5624 1307 5685 potest
1321 5615 1531 5685 religiosissime,
1545 5622 1628 5675 etlam
1648 5635 1709 5677 amn
1724 5636 1767 5676 fa.

138 5724 270 5777 tnentaet
280 5712 440 5785 puluisculo,
456 5718 690 5780 repraesentarem.

1180 3207 1218 3263 ile
1232 3210 1376 3264 nutriendis
1388 3208 1542 3282 infantibus.
