3810 6128
129 308 195 364 289.

137 421 204 478 Tum
219 420 315 486 fateor,
330 421 416 478 morbi
433 433 513 491 grave
526 419 663 477 debilitate
672 419 814 486 laboraris,

172 524 185 551 ⁸
199 514 285 570 Febre
295 514 388 569 calens
399 528 515 584 summo,
527 515 583 584 iem
599 515 672 584 rigor
686 515 759 569 intus
773 529 858 568 crsiu.

137 607 204 663 lliuc
217 606 301 679 lmgili
313 608 437 674 nimium,
461 607 524 663 inrtl
539 606 682 678 languore,
698 606 816 672 redacto,

172 699 217 753 llis
235 699 303 753 lesse
319 698 422 762 lerens,
435 699 533 754 lielitus
547 714 619 767 eger
630 708 698 753 eret.

136 789 193 844 tbii
205 789 341 844 aulielanti
356 803 440 858 vapor
454 789 557 856 aridus,
571 804 618 844 ura
634 802 774 856 perurens,

168 879 225 935 lbet
238 880 273 936 ali
284 878 416 935 areaiiisl
433 880 523 935 llntilis
536 895 602 933 aura
614 894 745 949 coquens.

141 971 237 1026 l'error
252 986 325 1027 erarii
341 979 425 1040 totns,
443 971 527 1026 tristis
545 986 625 1040 rogus
646 971 707 1040 igne
719 969 852 1036 caminus,

171 1065 264 1119 Febris
275 1073 304 1117 ct
314 1065 339 1118 iu
354 1061 429 1118 tibiis
439 1064 549 1118 stabsic
563 1073 665 1134 aperta,
681 1072 786 1131 putens.

141 1156 224 1212 llouee
237 1156 360 1212 Cliristus
373 1171 464 1224 opem,
478 1156 578 1213 sudore
594 1154 722 1220 undante,
736 1153 851 1219 reluilit,

119 1244 122 1252 ⁴
173 1251 298 1307 l'erridus
311 1259 338 1305 et
351 1251 456 1320 gelidas
470 1250 538 1322 ignis
550 1249 640 1320 abegit
654 1264 748 1319 aquas.

143 1342 154 1378 i
168 1342 295 1395 Redditur
306 1340 362 1409 ipsa
376 1341 460 1405 selus,
474 1347 549 1408 pater
560 1341 639 1405 aime,
655 1341 745 1395 saluto
759 1339 886 1403 salutem,

173 1429 307 1487 duriliunr
322 1430 402 1486 exsili
417 1430 454 1485 sis
470 1444 536 1497 rogo
546 1439 638 1498 pastor
652 1429 706 1485 ori.

421 1517 532 1573 citt‘ttt
551 1516 632 1573 llllll.

284 1608 326 1664 Ad
341 1609 455 1664 eumdem
470 1625 516 1678 pro
535 1624 613 1663 riuis
626 1608 771 1663 abbatisse.

721 303 969 366 tttscsttsttssd.
988 336 1023 348 -
1041 306 1106 367 ttti.
1127 308 1192 366 vlit.

1705 311 1759 384 ero

936 420 1044 487 Aiiire,
1059 421 1130 493 quod
1144 421 1245 491 quatiat
1259 430 1284 488 ⁸,
1304 432 1350 478 aut
1369 424 1438 492 quod
1464 424 1614 492 labelacict,
1630 429 1759 498 reperiat,

972 514 999 569 in
1012 528 1107 582 censa,
1128 530 1180 584 qua
1194 529 1340 570 conservus
1362 530 1437 572 meus
1462 519 1611 590 presbyter,
1637 535 1757 589 pressen-

973 603 1038 656 tium
1053 605 1178 686 portitor,
1202 604 1236 659 eil
1252 620 1300 660 ins
1316 621 1364 674 pro
1379 608 1507 678 singulari
1533 612 1656 680 presidio
1670 614 1757 668 corill-

972 691 1039 746 ‹leiis
1053 693 1180 759 occurrit,
1197 695 1266 748 sicut
1291 696 1348 765 ipse
1366 698 1470 769 singula
1491 703 1590 768 poterit
1609 700 1755 775 explicare.

973 782 1075 838 lleuinr
1088 785 1125 839 sis
1139 788 1378 844 commendationis
1389 791 1474 846 lieuiie
1487 793 1592 848 domnre
1603 810 1671 851 mere
1682 797 1757 867 litte,

973 871 1015 925 rel
1028 871 1082 943 jum
1099 877 1190 929 inatris
1206 888 1312 942 restire,
1332 880 1436 934 doninus
1449 880 1618 952 liailegundrc
1638 900 1686 954 pro
1703 884 1756 943 todi

973 969 1025 1032 sui,
1041 968 1082 1024 iel
1096 985 1229 1038 personae,
1247 974 1380 1042 totiusque
1394 978 1494 1044 regule
1509 977 1663 1046 stabilitate,
1683 982 1754 1050 quod

974 1060 1059 1129 petiit,
1087 1072 1114 1116 ct
1139 1063 1281 1117 uerborum
1305 1064 1348 1118 iel
1373 1066 1504 1121 uiscerum
1526 1064 1541 1106 ¹¹
1563 1067 1757 1138 siippliciitiniie

973 1152 1126 1216 commisit,
1152 1154 1186 1204 ita
1215 1155 1376 1223 precipiatis
1404 1158 1602 1227 infatigabiliter
1624 1161 1757 1230 laborare,

973 1240 1087 1310 qualiter
1102 1241 1160 1309 ipse
1172 1242 1247 1296 rubis
1268 1245 1293 1296 in
1317 1246 1489 1302 retributione
1501 1249 1662 1318 sempiterna
1681 1252 1759 1304 resti·
1796 1231 1801 1238 ¹

974 1341 1032 1386 tuat
1046 1329 1070 1396 ¹,
1081 1332 1128 1401 qui
1141 1333 1262 1402 providet
1273 1336 1401 1390 auxilinm
1412 1337 1601 1408 indigentibus.
1618 1340 1645 1395 lii
1653 1355 1732 1396 censs
1744 1351 1752 1393 t

973 1419 1085 1477 lustinie
1100 1433 1187 1477 vester
1200 1425 1365 1493 apostolatus
1381 1429 1551 1496 pastoraliter
1561 1427 1576 1467 ¹¹
1587 1428 1710 1486 desudet.
1739 1437 1743 1444 '

1262 1514 1374 1570 CAPUT
1396 1515 1466 1571 ΧΙΧ.

1117 1601 1126 1641 ¹
1144 1605 1184 1658 dd
1199 1607 1314 1659 eumdem
1329 1623 1360 1661 ex
1372 1599 1602 1664 noniinelustiiitr.

147 1698 321 1773 [Fortunatus
332 1699 384 1756 lioc
398 1701 424 1754 in
435 1700 554 1754 carmine
566 1698 686 1766 Gregorii
701 1712 779 1764 opem
794 1696 922 1751 aduersus
974 1689 1083 1766 [Scribit
1097 1691 1148 1748 line
1163 1709 1255 1762 poemn
1272 1694 1430 1749 Fortunatus
1450 1697 1500 1750 siili
1513 1698 1623 1754 Jiistinae
1642 1715 1755 1768 persons
1796 1723 1800 1735 i

175 1786 252 1838 graie
269 1771 476 1833 incommodum,
490 1770 561 1838 quod
576 1770 603 1824 in
624 1768 827 1831 monesterium,
841 1777 870 1822 ut
883 1766 922 1821 ri·
940 1755 963 1816 B
1012 1777 1043 1817 ae
1058 1765 1175 1830 numine,
1189 1779 1274 1831 eaque
1295 1775 1370 1834 rogat
1386 1765 1542 1836 Gregoriuin
1558 1779 1585 1822 ut
1607 1771 1755 1839 peripsum

174 1840 261 1906 detur,
273 1840 439 1896 Pictariense
449 1840 609 1918 irrepserat,
626 1839 759 1907 implorat.
771 1834 782 1908 ]

150 1952 266 2022 ·ttepsti
279 1952 358 2022 quale
372 1949 448 2007 uelis
461 1951 527 2005 iutra
543 1950 585 2020 pia
600 1960 673 2021 septa
689 1947 816 2019 synaxis?

178 2043 330 2100 luconsnlie
344 2042 431 2107 dolor,
448 2057 572 2111 rumpere
582 2042 662 2096 rerbe
676 2049 762 2095 retas.

104 2189 106 2194 ,
146 2132 221 2203 diste
233 2148 283 2191 nee
297 2142 360 2190 ante
374 2134 479 2198 oculus,
494 2132 597 2203 patulis
609 2146 695 2203 neque
714 2129 809 2200 polluit
822 2130 922 2201 eureis,

175 2227 228 2284 Nec
238 2228 358 2283 iacerent
369 2226 433 2282 vitio
444 2227 490 2297 qui
503 2239 549 2280 sua
564 2227 624 2281 lana
639 2224 747 2292 colunt,

145 2321 179 2379 lu
190 2332 289 2386 tamen,
299 2320 369 2375 alme
387 2318 477 2382 Pater,
491 2316 597 2388 pietatis
609 2331 700 2372 surore
713 2316 817 2384 labora,

176 2413 207 2470 lli
223 2427 299 2468 sacer
312 2410 436 2474 antistes.
450 2409 568 2465 culmine
585 2407 663 2479 cujus
673 2407 768 2474 babes,

149 2504 217 2562 llnde
226 2509 404 2572 representes
416 2500 559 2557 Martinam
572 2501 599 2555 iu
613 2507 732 2569 tempore
745 2511 867 2566 sscruin,

177 2593 305 2652 Cursibus
318 2594 396 2664 atque
411 2591 463 2647 dile
476 2591 565 2646 dando
585 2591 679 2647 salutis
693 2604 781 2660 opem.

415 2682 528 2740 csettr
548 2681 638 2738 xtttt.

363 2774 483 2844 Epistola
500 2790 548 2846 pro
562 2773 650 2828 eodem
661 2787 698 2828 re.

149 2864 316 2937 [Fortunatus
330 2867 449 2922 eamdem
476 2879 532 2918 rem
556 2879 635 2933 quani
651 2863 789 2931 superiore
803 2862 923 2919 carmine

178 2936 305 3003 Gregorio
320 2935 499 3003 commendat,
512 2934 595 2989 niissc
606 2933 638 2986 ad
650 2933 772 2986 euindeiii
786 2946 923 3001 cuinpres·

178 3009 269 3077 bytero
283 3020 341 3070 suo,
358 3020 389 3061 ec
403 3012 480 3074 rugat
495 3018 542 3073 per
563 3004 649 3057 beate
675 3002 843 3067 lladegiindis
857 3012 921 3057 rota

177 3091 207 3131 ac
217 3074 387 3141 memoriam,
407 3085 439 3130 ιιι
458 3072 615 3129 monasterii
637 3073 695 3142 epu
717 3072 823 3128 alltictis
843 3071 962 3156 rebusc

177 3145 339 3219 succurrat]

178 3253 371 3310 commenderis
384 3251 561 3307 humilitatem
575 3266 662 3307 meam
675 3249 866 3320 copiosissime
876 3260 938 3306 ret

152 3358 206 3403 sirie
220 3346 355 3403 dulcedini
369 3355 398 3401 et
408 3346 556 3400 mitissime
566 3343 755 3411 dominationi,
770 3358 884 3413 suggerii
897 3353 926 3399 ut

151 3453 222 3496 enisa
236 3439 396 3495 universalis
411 3439 537 3493 Emlesiae
551 3439 630 3493 talem
647 3451 695 3492 iios
712 3434 721 3473 ¹
738 3434 841 3491 liabens
856 3436 925 3491 besi-

154 3531 216 3596 dem,
231 3540 260 3586 ut
278 3530 368 3586 nullus
395 3540 533 3584 ventorum
559 3526 637 3582 turbo
660 3527 829 3592 esseminant,
852 3526 924 3582 nulla

163 3625 331 3695 procellarum
346 3621 496 3697 propellens
517 3620 657 3695 congeries
676 3621 760 3693 possit
785 3619 839 3674 illie
853 3618 927 3673 iure·

184 3769 195 3796 ⁸
207 3760 279 3815 Unus
288 3759 355 3814 cod.
366 3757 438 3825 Vnt,
454 3757 520 3820 febre
532 3773 617 3811 coieris
628 3771 740 3810 sunrmn.
752 3753 801 3809 tls.
809 3748 924 3819 iterii«,

157 3833 225 3884 etalii
242 3831 304 3885 libri
321 3831 441 3883 liabent:

204 3921 284 3972 lehre
294 3920 377 3971 calens
387 3930 488 3980 summe,
498 3919 546 3981 jam
556 3919 622 3981 rigor
633 3919 703 3977 imus,
716 3927 782 3965 eram

159 4000 203 4058 tit.
217 4005 277 4069 lls.,
292 4019 342 4057 non
356 4001 426 4072 rigor
447 4005 513 4053 lmiis
526 4015 605 4053 erem.
624 3999 785 4052 l'ulmnunns
808 3994 924 4066 corrige·

159 4071 193 4125 bat
206 4092 212 4128 :
220 4076 279 4156 juni
292 4079 362 4143 rigor
377 4087 443 4125 uuus
457 4086 536 4124 erum.
553 4071 614 4125 ttee
628 4084 658 4125 eii
674 4069 764 4121 Brow.
787 4065 857 4120 Edit.
874 4065 925 4119 l'a·

159 4143 203 4205 rit..
217 4161 283 4198 intus
297 4153 378 4198 erent.

186 4211 196 4248 ὓ
213 4215 283 4269 Edit.
298 4212 394 4277 Paris,
408 4211 511 4283 fletibus
525 4225 600 4262 nnio.
893 4274 899 4284 .

162 4284 286 4410 li‘risqnus
299 4284 366 4338 Coit.
383 4282 454 4383 lat,
469 4289 556 4349 operio
571 4289 668 4351 poiens.
680 4275 725 4332 Sic
733 4287 838 4345 quoque
852 4272 922 4328 Edit.

1012 1833 1079 1901 patri
1094 1837 1306 1899 commendetur,
1323 1849 1350 1888 ei
1362 1838 1428 1889 aviae
1442 1839 1541 1905 gratias
1555 1837 1666 1906 relerat,
1683 1842 1755 1910 quod

1010 1916 1041 1956 ea
1054 1903 1086 1956 eil
1101 1917 1131 1957 se
1145 1901 1318 1974 advenisset]

895 2009 902 2020 i
976 1988 1093 2046 Antistes
1117 1991 1232 2059 Domitii,
1248 1993 1316 2050 brine
1331 2002 1432 2063 pastor,
1454 2004 1482 2049 el
1495 2005 1588 2052 trucior
1599 1998 1720 2068 honoris,

1011 2080 1072 2138 titie
1087 2083 1169 2139 decus
1183 2085 1300 2156 generis,
1315 2100 1368 2155 qiio
1382 2093 1422 2140 est
1434 2099 1563 2156 generosa
1579 2088 1657 2157 lides,

975 2173 995 2208 ὓ
1008 2171 1137 2227 lustinaui
1152 2173 1276 2227 [amulam
1291 2175 1398 2243 pietate,
1414 2186 1559 2242 memento,
1574 2178 1661 2244 beate,

1011 2263 1098 2320 Perre
1111 2276 1138 2320 et
1151 2267 1324 2321 commender
1337 2267 1431 2337 stirpe,
1449 2268 1490 2323 rel
1504 2281 1565 2323 arce
1579 2271 1657 2340 patri.

976 2352 1043 2409 lliiic
1057 2355 1177 2411 relerens
1196 2369 1284 2426 graies
1296 2359 1373 2424 aiiee,
1396 2359 1456 2427 quin
1471 2360 1575 2415 reddita
1587 2362 1705 2432 taudem,

1011 2445 1051 2500 Ad
1063 2447 1151 2502 vultus
1167 2450 1253 2516 neptis
1265 2448 1352 2504 dulcis
1363 2449 1450 2520 iinago
1462 2453 1545 2507 veuit.

980 2533 1031 2590 leto
1047 2536 1092 2591 iliu
1109 2538 1206 2594 uostris
1225 2540 1294 2593 rutis
1306 2540 1372 2594 daus
1384 2539 1491 2610 gaudia,
1508 2551 1605 2611 rector,

1010 2625 1082 2684 luter
1095 2642 1174 2685 aiem
1186 2637 1213 2686 et
1224 2629 1331 2699 iteptem
1347 2640 1374 2684 tu
1389 2631 1519 2687 mediator
1530 2647 1604 2704 agas.

1267 2719 1381 2777 CAPUT
1399 2719 1459 2776 ttlt.

1197 2810 1238 2866 Ad
1251 2811 1365 2864 eumdem
1378 2810 1539 2866 salutatorio.

976 2901 1376 2975 [deceptislitterisaGregorin,
1388 2902 1473 2969 deque
1485 2902 1552 2956 bona
1564 2901 1682 2971 eiusdem
1693 2905 1760 2962 rele-

1010 2972 1102 3027 tudine
1111 2974 1208 3028 certior
1220 2971 1315 3034 lactus.
1334 2985 1365 3026 ie
1376 2972 1495 3039 inprimis
1511 2973 1627 3028 laetatum
1642 2976 1758 3032 declarat

1012 3043 1183 3109 turiurum
1199 3042 1234 3097 ed
1250 3052 1398 3098 extremuni
1421 3056 1451 3096 se
1465 3042 1553 3097 eidem
1567 3045 1758 3120 commendat]

981 3136 1065 3201 tluie,
1084 3135 1161 3191 beate
1175 3133 1266 3202 Pater,
1280 3132 1367 3188 lumen
1379 3134 1516 3204 generale,
1527 3133 1652 3204 Gregori,

1012 3227 1077 3283 lure
1086 3226 1254 3282 secerdotum
1270 3224 1394 3279 culminis
1407 3240 1469 3280 arce
1483 3236 1572 3290 caput.
1739 3207 1743 3215 ’

980 3319 1073 3375 Reddo
1089 3319 1143 3373 tien
1154 3327 1254 3387 grates,
1271 3315 1305 3371 de
1318 3315 1394 3371 robis
1411 3330 1538 3386 prospera
1553 3331 1675 3386 noscens,
1787 3362 1800 3371 .

1013 3409 1115 3466 Vestris
1128 3423 1198 3463 nune
1212 3407 1320 3476 seriptis
1333 3406 1483 3462 letificatus
1496 3421 1587 3478 egens.

978 3502 1018 3560 lle
1030 3517 1136 3573 quoque
1155 3499 1346 3555 commendans
1361 3498 1453 3554 liumili
1468 3515 1557 3568 prece,
1577 3514 1643 3556 rece
1657 3501 1755 3577 selutp,

1010 3595 1112 3667 iugiter
1124 3593 1213 3650 cilicio
1224 3608 1303 3663 quem
1316 3607 1375 3648 nien
1389 3592 1470 3647 cordi
1486 3592 1588 3648 colunt.

1012 3728 1021 3770 ¹
1033 3730 1081 3785 tto.
1091 3728 1186 3792 Paris,
1194 3728 1283 3783 bobert
1291 3727 1419 3791 basidem:
1429 3735 1456 3781 et
1464 3741 1535 3792 mus,
1544 3728 1616 3781 turbo
1624 3728 1756 3785 ineilliiiir.

1012 3809 1029 3852 t*
1046 3801 1119 3860 Uiiiis
1131 3800 1197 3854 cod.
1215 3799 1286 3861 lot..
1301 3798 1369 3863 pund
1382 3800 1524 3871 labefactet,
1539 3799 1667 3871 reperiat.
1685 3802 1756 3858 udi.

880 3912 891 3923 -
977 3875 1072 3937 Paris..
1087 3883 1131 3926 out
1145 3869 1211 3940 quoti
1224 3868 1417 3942 labefactatum.

1011 3942 1026 3982 ¹¹
1047 3945 1116 3998 Edit.
1134 3943 1230 4008 Paris,
1243 3941 1407 4011 supplicatio.
1567 3992 1569 3998 ,

1014 4014 1024 4053 ¹
1046 4016 1117 4069 llilit.
1133 4011 1231 4077 Paris,
1246 4012 1312 4078 quod
1327 4010 1392 4063 uidet
1405 4026 1449 4079 per
1460 4010 1596 4063 cnsilium.

1013 4085 1021 4135 l
1046 4083 1119 4139 Unus
1137 4080 1203 4137 Cod.
1222 4082 1292 4146 liat,
1314 4081 1340 4131 iii
1356 4095 1432 4132 conse
1441 4080 1562 4149 justitior.
1578 4079 1641 4132 item
1666 4079 1691 4130 in
1706 4079 1758 4134 elio

960 4155 1044 4210 tud.
1066 4153 1124 4206 llet.
1149 4150 1212 4206 llic
1234 4148 1336 4203 lustina
1352 4150 1475 4218 (proque
1500 4148 1571 4202 inule
1592 4149 1618 4202 in
1634 4150 1757 4215 preleio·

977 4223 1062 4278 Codd.
1076 4223 1182 4289 irrepsit
1188 4219 1303 4292 justitie)
1314 4228 1372 4272 erat
1383 4219 1522 4287 preposita
1534 4219 1688 4272 monasterii
1705 4218 1759 4273 l’ie

979 4293 1116 4357 taiieusis,
1131 4306 1190 4345 euin
1206 4304 1299 4359 graves
1312 4289 1363 4343 illie
1377 4289 1532 4352 seditiones,
1546 4289 1579 4342 de
1599 4288 1694 4355 quibus
1709 4302 1755 4342 su·

979 4379 1037 4433 pra,
1052 4371 1151 4417 eroriae
1172 4371 1243 4414 sunt.
1265 4358 1364 4412 Eodem
1383 4359 1544 4413 atibarissam
1566 4372 1651 4423 suam,
1668 4372 1757 4411 cums

187 4419 198 4459 ⁴
216 4425 260 4479 ²¹3⁰
273 4438 367 4479 Μ’*
380 4431 516 4477 ⁰⁰¹¹⁰⁰⁸¹¹⁸
530 4419 609 4473 ‘⁰³²³
622 4417 723 4482 mil-i
744 4415 790 4484 (lul
811 4415 837 4469 ¹¹¹
852 4412 926 4468 fibfss
938 4439 966 4506 ι)
980 4433 1084 4488 sicariis
1097 4425 1306 4498 quereretur‘ad
1321 4443 1426 4492 necem,
1436 4429 1527 4482 alteris
1539 4429 1606 4496 palla
1626 4427 1755 4493 coriteirii3

164 4495 272 4549 uendnse
286 4492 423 4564 legebatur
436 4492 475 4544 sic
490 4507 497 4542 :

209 4583 320 4636 lieddldit
331 4576 389 4646 iste,
401 4578 554 4650 Peteraline,
565 4576 644 4628 saluto
653 4576 736 4626 saluti.

163 4664 213 4721 iel:
603 4714 605 4718 Α

236 4757 307 4809 Saliis
317 4762 391 4818 atque
401 4754 442 4816 sit,
453 4751 526 4813 elme,
538 4750 622 4803 saluti.

162 4834 220 4894 linus
232 4841 298 4896 Coit.
315 4840 373 4893 lat.
388 4838 516 4892 mendose
532 4853 539 4889 ε

206 4931 323 4983 Redditur
335 4932 385 4993 lsti,
397 4929 472 4980 l‘iter
483 4928 555 4992 alme,
566 4925 645 4979 saluto
653 4923 768 4974 salutem.

155 5030 196 5088 Ed.
211 5033 280 5099 Pau,
295 5036 396 5088 redditu
408 5033 494 5100 sicque
506 5030 588 5084 solus.

183 5107 262 5159 ·tt0n
275 5107 391 5159 obscure
402 5106 505 5158 ridetur
515 5100 565 5156 boc
580 5101 606 5154 iii
621 5104 743 5168 poemate
763 5093 924 5150 Fortunuius

152 5172 215 5243 logui
232 5177 264 5231 de
278 5174 405 5243 grauibus
420 5172 513 5233 turbis,
528 5184 560 5225 ae
572 5168 705 5231 dissidiis,
724 5181 784 5232 quae
803 5165 925 5245 pesteb-

149 5243 208 5299 itum
223 5248 307 5299 beate
322 5242 491 5313 Radcgundis
507 5240 533 5294 in
550 5240 713 5293 l’ictariense
730 5243 921 5289 monasterium

149 5314 265 5370 inrisere
280 5332 287 5366 :
303 5328 415 5380 quorum
429 5312 562 5366 beneuram
583 5306 763 5371 Ctirodieldis,
776 5305 921 5359 saiictimc·

145 5385 231 5451 nielis,
243 5382 394 5440 Cliariberti
416 5382 487 5452 regis
507 5381 547 5447 (ut
571 5379 626 5446 ipse
649 5377 683 5432 de
703 5390 733 5429 se
748 5374 922 5454 praedicebat)

145 5453 213 5519 lllia,
226 5453 368 5516 excitarim
383 5451 494 5521 ejusque
503 5450 586 5531 'iuriis
598 5447 712 5528 euulotae
732 5442 873 5498 discordie
887 5457 920 5496 eo

142 5534 343 5660 ddisti?
352 5511 940 5659 :illibilittltlslttttillir?,

141 5665 187 5720 lili.
215 5679 253 5719 ii.
277 5662 345 5718 llist.
361 5661 467 5721 Freuc..
488 5673 546 5725 cap.
567 5655 611 5718 59.
637 5665 664 5709 et
681 5668 737 5720 seg.
754 5649 803 5706 Ed.
821 5651 917 5714 Poris,

139 5735 230 5809 Περσέι
245 5734 297 5789 ieie
311 5736 399 5803 nescir
417 5744 443 5786 ei
458 5730 484 5785 iu
496 5741 574 5785 uersu
587 5740 655 5795 seq,
668 5723 741 5778 rerba
763 5730 848 5791 putei.

982 4505 1038 4574 ipse
1050 4501 1146 4557 deinde
1161 4515 1189 4554 se
1213 4515 1260 4569 pro
1278 4501 1412 4553 ebbnttssa
1424 4497 1517 4552 obduci
1533 4512 1608 4565 passe
1626 4508 1678 4563 esi,
1692 4502 1757 4563 guin

983 4572 1178 4642 proderetque
1195 4579 1282 4631 essct;
1303 4584 1334 4623 ec
1358 4577 1448 4637 postea
1472 4569 1618 4637 recognita,
1638 4567 1757 4631 dimisse,

981 4635 1758 4704 acreddtiaesimonasio—tortereaccideruiiiaden.5tttl,

980 4714 1120 4781 dequibus
1135 4708 1213 4778 Greg.
1228 4709 1293 4763 Tur.
1307 4708 1353 4764 lili.
1370 4724 1396 4771 ii,
1410 4723 1469 4773 cup.
1482 4707 1527 4762 15.

1015 4783 1029 4820 ¹
1050 4781 1124 4836 llnus
1137 4779 1204 4834 (lud.
1221 4779 1318 4841 ilatio,
1341 4778 1503 4846 pastoraliter
1512 4779 1581 4847 guod
1597 4776 1713 4832 deriidet.
1728 4773 1757 4832 lu

980 4852 1042 4914 alio,
1056 4852 1125 4918 giied
1137 4867 1163 4904 ie
1177 4850 1279 4904 subdet.
1294 4849 1362 4902 Edit.
1377 4849 1471 4910 laris,
1482 4851 1600 4902 dessidet.

1017 4922 1027 4960 ¹
1049 4921 1170 4977 Putatcl.
1198 4919 1319 4973 ltuinart.
1344 4917 1370 4970 in
1394 4919 1456 4970 odd.
1471 4927 1498 4972 et
1512 4917 1617 4971 emend.
1632 4915 1664 4969 ad
1680 4923 1757 4971 notas

979 4993 1006 5048 in
1020 5000 1141 5049 soiictum
1158 4989 1237 5059 Greg.
1249 4989 1325 5051 Tur..
1341 4988 1408 5042 liiiio
1427 4987 1556 5041 lustinsiu
1572 4987 1651 5040 lilium
1674 4985 1755 5039 inisse

978 5062 1095 5127 insilui,
1119 5060 1164 5128 iiiii
1191 5063 1232 5112 rir
1253 5060 1353 5113 sororis
1382 5069 1473 5111 seuero
1496 5058 1575 5124 Greg.
1608 5055 1757 5121 appellatur

979 5133 1026 5188 lili.
1042 5147 1072 5195 ir,
1087 5131 1120 5186 de
1132 5131 1224 5185 llirac.
1234 5129 1449 5188 seriori-Martini,
1460 5140 1519 5194 cap.
1529 5126 1555 5179 2.
1571 5124 1649 5177 Certe
1663 5122 1758 5187 libii,

978 5217 1037 5269 cap.
1058 5204 1086 5268 l,
1102 5200 1263 5256 Fortunatus
1276 5201 1415 5266 alloquens
1439 5197 1556 5250 libellum
1575 5208 1666 5256 suurn,
1681 5193 1759 5261 eique

979 5271 1109 5326 mandaris
1135 5280 1163 5323 ut
1188 5268 1343 5338 Gregoriiiin
1363 5267 1475 5321 iustine
1490 5264 1597 5319 nouiine
1620 5265 1758 5330 salutaret,

977 5342 1016 5398 sie
1027 5343 1060 5396 de
1074 5355 1105 5396 ea
1121 5340 1237 5410 loquitur
1251 5357 1257 5393 :

1039 5431 1108 5482 soie
1120 5430 1248 5490 lustinem,
1261 5427 1353 5488 pariter
1365 5427 1512 5486 precantem,

1038 5495 1132 5552 nempe
1143 5489 1312 5540 cniiimendsus
1322 5487 1442 5544 lunulam,
1456 5486 1623 5548 propinqruo,

1038 5555 1067 5606 Et
1081 5554 1147 5604 reler
1156 5561 1269 5611 quantum
1280 5550 1323 5597 sibi
1334 5549 1404 5596 ebera
1417 5545 1508 5610 proiert

1147 5613 1233 5672 Neptis
1245 5612 1370 5658 bonorem.

1012 5720 1033 5748 ὓ
1053 5711 1124 5767 Edit.
1143 5704 1365 5768 rastedensis
1382 5703 1493 5775 lamule.
