3810 6128
121 247 166 305 m
461 204 467 227 ⁸
744 213 1128 309 mmmmm.
1695 260 1819 316 rm·

112 413 116 439 ,
459 376 590 420 satouos.
920 363 987 427 Ain
1011 361 1199 421 humilioribus
1222 375 1345 435 pergere,
1372 378 1452 434 quam
1477 363 1595 436 pendulo
1618 367 1704 438 gradu
1719 372 1747 428 in

151 451 261 511 liomini
273 451 347 508 bono
361 450 390 508 iu
402 461 551 525 conspectu
565 464 616 508 tuo
630 450 706 508 dabit
718 451 788 509 bens
798 452 907 524 sepien-
959 454 1099 511 altioribus
1113 455 1256 512 lluctuarc.

122 546 192 615 dtas,
206 554 236 602 et
248 543 403 612 scientiam,
419 552 448 601 et
462 543 583 601 letitiam
597 543 689 615 (Prot.
703 543 735 610 r).
996 546 1054 602 Non
1074 545 1162 602 erudit
1185 555 1262 618 pater
1286 544 1379 613 lilium,
1395 546 1447 604 nisi
1468 562 1550 618 quem
1576 557 1670 607 amat:
1694 565 1744 608 nec

425 652 602 693 uranosraus.
961 637 1072 707 corrigit
1086 638 1214 708 magister
1227 639 1401 711 discipulum,
1415 640 1468 697 nisi
1481 657 1543 699 eum
1555 655 1637 713 quem
1649 641 1747 711 arden·
1844 698 1846 703 .

152 734 228 793 Sicut
252 729 397 801 assiduitas
426 728 656 798 familiaritatem,
685 730 722 790 ila
743 729 910 789 familiaritas
963 728 1041 784 lionis
1055 729 1261 798 cernitirrgenii.

123 830 304 894 contemplum
319 821 402 892 parit.
901 872 904 877 ,
997 819 1156 892 Quicunque
1170 821 1321 892 interrogat
1335 837 1389 878 non
1403 830 1468 879 volo
1481 823 1610 891 discendi,
1626 823 1674 881 sed
1685 832 1744 880 stu·

153 914 249 972 ilelius
261 921 372 971 estrem
385 911 545 970 familiarem
559 912 656 981 minui,
667 928 748 985 quem
760 915 857 972 enimse
866 931 911 972 sa·
960 910 1005 966 dio
1036 911 1225 978 redarguendi,
1240 927 1289 984 per
1314 912 1515 969 similitudinem
1541 912 1748 984 Pharisaeorum,

123 1006 204 1063 luleus
216 1005 341 1077 perdere.
961 1018 1015 1057 non
1032 1003 1107 1071 quusi
1121 1003 1279 1075 discipulus,
1291 1006 1339 1060 sed
1350 1003 1427 1073 quasi
1443 1010 1563 1060 tentator
1577 1005 1691 1062 accedit.

290 1163 300 1170 ‚
438 1109 594 1152 aasentias.
998 1093 1044 1147 l'ir
1063 1091 1201 1149 studiosus
1215 1101 1243 1148 ct
1265 1093 1384 1164 sapiens,
1398 1093 1479 1148 etiam
1490 1095 1513 1149 si
1528 1093 1635 1150 discere
1648 1093 1750 1164 aliqnil

155 1184 208 1252 Qui
221 1185 294 1241 enim
308 1183 392 1240 sitam
407 1198 485 1239 suam
498 1184 532 1240 ab
542 1184 603 1241 aliis
616 1183 679 1240 sciri
689 1183 835 1254 retugium,
851 1184 913 1248 sibi-
960 1183 1028 1246 vult,
1040 1183 1125 1251 magis
1136 1182 1216 1239 docet
1229 1184 1293 1240 dum
1306 1185 1451 1253 prudenter
1463 1185 1620 1254 interrogat.

124 1276 243 1348 metipsis
255 1275 363 1333 accensi
377 1283 450 1342 sunt,
466 1273 514 1331 sed
532 1273 592 1333 eliis
616 1275 645 1329 in
659 1275 785 1345 exemplo
801 1274 912 1333 lrtruinis
996 1270 1064 1327 Sunt
1082 1271 1165 1341 aliqui
1178 1272 1225 1343 qui
1241 1273 1323 1328 nimio
1337 1272 1467 1329 lacilitate
1480 1274 1622 1329 verborum
1636 1287 1685 1343 per
1703 1286 1752 1332 au·
1805 1319 1808 1325 .

124 1387 174 1427 non
188 1378 261 1427 sunt.
963 1362 1068 1420 daciam
1083 1363 1233 1420 edisserunt
1247 1363 1307 1419 aliis
1320 1364 1392 1435 quod
1404 1365 1454 1436 ipsi
1468 1378 1521 1420 non
1535 1363 1697 1434 intelligunt.

156 1461 191 1518 lli
210 1463 283 1519 enim
294 1461 342 1532 qui
357 1460 481 1532 exempla
494 1460 625 1518 uirtutum
645 1470 808 1532 prorogant,
822 1469 852 1521 et
869 1461 908 1518 lu·
1296 1468 1427 1511 tsroonns.

124 1539 1751 1633 mmwwmmmmmnssmmmmwwmmm

119 1633 286 1712 'mensuare
298 1644 359 1716 jure
372 1643 510 1716 lampades
524 1644 706 1715 appellantur.
963 1632 1081 1708 reticere
1094 1631 1223 1703 improbis
1237 1647 1320 1702 quam
1335 1631 1510 1701 respondere.
1565 1702 1570 1709 -

158 1735 189 1800 ln
201 1736 326 1807 exemplo
338 1735 417 1804 culpa
433 1734 607 1790 vehementer
622 1734 782 1802 ostenditur,
803 1715 951 1806 quandoB
1279 1736 1433 1777 ciiiilius·

129 1841 178 1896 pro
190 1825 340 1882 reverentia
354 1822 458 1881 ordinis
470 1831 598 1894 peccator
611 1826 771 1881 honoratur.
795 1828 798 1834 ·
998 1813 1047 1871 llte
1062 1814 1158 1870 melius
1179 1813 1260 1870 docet
1279 1815 1324 1882 qui
1338 1811 1460 1885 quotidie
1482 1811 1588 1882 crescii,
1604 1810 1750 1884 esprolclt

79 1918 105 1933 ““
164 1914 211 1970 ille
220 1913 302 1982 igitur
312 1911 398 1969 modis
411 1913 536 1969 omnibus
547 1912 629 1969 debet
641 1914 674 1968 sd
688 1912 841 1984 exemplum
852 1928 915 1986 pro-
963 1903 1094 1960 discelldo
1109 1904 1233 1958 meliora·

128 2004 206 2072 trabi,
225 2005 271 2074 qui
286 2002 390 2061 cuneus
410 2004 582 2075 passionibus
603 2003 693 2062 camis
716 2004 835 2062 moriens
857 2005 913 2077 jam
998 1994 1091 2063 lisque
1114 1993 1186 2049 euim
1213 1993 1327 2071 idoneus
1349 1999 1510 2064 potestesse
1536 1992 1614 2052 miles
1627 1991 1674 2063 qui
1694 2007 1751 2051 non

131 2094 306 2167 spiritualiter
317 2094 394 2152 sirit.
963 2085 1130 2141 exercitatus
1144 2084 1171 2139 in
1185 2098 1282 2155 campo
1296 2082 1371 2155 prius
1385 2083 1476 2139 luerit.

456 2202 584 2245 rrroorrus.
999 2174 1075 2234 Turre
1087 2178 1159 2234 enim
1173 2177 1281 2233 demum
1293 2190 1383 2234 sermo
1397 2184 1425 2233 et
1437 2176 1507 2234 ratio
1521 2177 1646 2235 salutaris
1659 2177 1750 2235 edilra-

159 2277 200 2336 lde
221 2279 365 2352 quterram
387 2287 451 2350 pust
477 2278 581 2350 lapsura
602 2277 761 2349 penitendo
787 2277 914 2350 desperet
963 2267 1031 2325 citer
1044 2267 1167 2336 discitur,
1180 2267 1203 2324 si
1217 2267 1352 2338 patienter
1364 2266 1438 2339 quod
1451 2267 1574 2338 discitur,
1587 2268 1703 2325 auditur.

98 2369 243 2438 neniam,
267 2368 330 2424 dum
367 2368 503 2440 conspicit
535 2377 691 2426 sanctorum
714 2368 914 2441 reparationem
998 2356 1143 2428 ”wilini
1163 2364 1256 2414 ⁰⁰⁵¹⁰⁸
1290 2357 1359 2427 ideis
1381 2359 1581 2429 feoelldcuium
1603 2357 1675 2423 fidei,
1697 2357 1752 2414 (¹¹¹¹

130 2457 210 2518 luisse
223 2461 306 2518 priam
321 2466 384 2532 post
397 2460 513 2516 ruinam,
964 2445 1069 2502 itineris
1093 2446 1232 2516 salutaris,
1253 2445 1401 2503 lomentum
1415 2461 1448 2502 ac
1471 2447 1608 2516 negotium
1622 2448 1699 2504 boon
1710 2448 1751 2502 in·

161 2547 202 2606 ol)
226 2549 455 2605 tanquillitatem
476 2551 629 2608 scribamus
650 2560 806 2610 gangrorum
829 2554 914 2613 mm
964 2532 1044 2604 dolis,
1067 2535 1195 2604 magistra
1219 2533 1337 2602 virtulis,
1352 2534 1429 2590 'iacit
1450 2534 1478 2589 in
1500 2534 1608 2591 Christo
1637 2551 1750 2592 manere

129 2646 155 2692 el
171 2639 370 2710 reparationes,
386 2646 416 2695 ut
429 2654 506 2711 spem
519 2639 619 2697 iaciant
633 2641 727 2698 salutis
742 2643 876 2701 humano.
963 2637 1081 2695 ”milen
1095 2638 1129 2680 ³⁶
1148 2623 1432 2695 1⁰85¹0i⁰0⁰⁷iissr⁸r
1457 2623 1491 2679 dd
1509 2624 1639 2695 df⁰m5⁵⁸d
1667 2625 1751 2681 ⁰⁰³¹&

162 2728 191 2786 Si
205 2731 261 2802 apti
278 2729 377 2787 luimus
391 2731 489 2788 imitari
503 2733 609 2803 iniquos
620 2733 647 2789 in
658 2734 769 2804 malum,
783 2751 833 2794 cur
845 2736 916 2809 pigri
957 2711 1043 2768 'fist‘
1053 2711 1142 2768 didimi
1157 2713 1267 2783 immid
1281 2713 1434 2783 pervenire·

131 2830 221 2876 sursus
232 2820 332 2879 imitari
340 2821 606 2894 iustosiobommt
1289 2815 1425 2857 mmm,

391 2953 506 3013 CAPUT
535 2955 653 3017 um
999 2892 1093 2965 Neque
1115 2893 1187 2948 enim
1210 2892 1319 2964 dignum
1339 2902 1380 2948 est
1401 2893 1591 2964 plrilosoplrum
1614 2894 1747 2950 nominari

964 2998 1027 3040 eum
1042 2983 1088 3057 qui
1105 2982 1140 3039 de
1154 2984 1197 3040 bis
1209 2997 1269 3053 quse
1282 2985 1367 3039 nescit
1377 2984 1482 3056 publice
1497 2991 1670 3054 protestetur.

419 3045 459 3102 De
476 3049 616 3120 discipulis.
927 3073 950 3136 e

1229 3115 1342 3173 CAPUT
1363 3113 1490 3171 lxxvii.

447 3173 589 3217 mimus·
1169 3208 1209 3265 De
1222 3207 1556 3278 tentationeucmartgria·

165 3247 222 3306 lion
243 3258 285 3306 est
308 3248 455 3322 discipulos
479 3266 562 3323 super
583 3252 756 3323 magistrum
779 3253 916 3326 perlectus

136 3347 219 3394 aulem
233 3339 320 3397 omnis
330 3341 383 3397 erit
393 3340 416 3396 si
431 3341 467 3397 sit
477 3341 547 3398 sicut
560 3342 686 3413 magister
701 3345 761 3414 ejus
775 3343 851 3417 (duc.
863 3349 913 3420 rr).
1286 3330 1425 3380 mmm·

459 3444 569 3485 mm„
1001 3411 1031 3469 lo
1043 3413 1097 3470 boc
1117 3413 1199 3471 nolite
1224 3413 1343 3485 gaudere
1364 3414 1428 3484 quia
1442 3412 1553 3485 spiritus
1577 3412 1656 3470 uobis
1668 3414 1754 3485 subil-

166 3515 260 3574 Sermo
270 3525 361 3574 vestm
371 3518 399 3574 ln
410 3519 495 3588 gratia
509 3520 567 3576 sale
590 3520 626 3576 sit
640 3520 774 3589 conditus,
792 3530 822 3578 ut
847 3522 917 3581 scia-
966 3503 1219 3576 01⁰¹¹¹¹¹fll¹⁸⁰·¹)·

137 3611 167 3666 q,
188 3612 324 3682 quomodo
344 3621 468 3685 ome„
493 3628 544 3671 ,09
569 3616 714 3688 unicuique
750 3617 914 3689 respondem
978 3593 1238 3680 'Gaudeteautem
1254 3594 1327 3665 quod
1344 3593 1558 3652 nominarestru
1572 3594 1673 3665 scripta
1688 3603 1752 3650 sunt

137 3700 208 3770 (corp,
220 3701 269 3775 1,),
967 3685 995 3742 in
1008 3685 1085 3744 coelis
1097 3684 1204 3757 (llis).

460 3789 591 3831 sttouort.
1000 3779 1090 3836 Nolite
1109 3779 1205 3835 timere
1225 3778 1338 3849 eosqui
1362 3779 1489 3837 occidunt
1507 3792 1617 3849 corpus,
1634 3778 1752 3833 animata

167 3861 283 3919 lztatm
308 3864 392 3922 homo
411 3865 439 3921 in
465 3867 599 3923 sententia
625 3867 681 3925 oris
703 3870 755 3935 sui,
776 3880 805 3927 et
827 3885 917 3928 sermo
967 3878 1057 3927 autem
1071 3884 1126 3927 non
1140 3878 1257 3940 possunt
1268 3869 1405 3927 occidere.

140 3967 300 4025 opportunus
309 3964 351 4013 est
364 3957 483 4029 optimos
496 3956 588 4031 (Pron.
606 3963 661 4029 ss).
1306 3977 1420 4019 sersus.

168 4043 283 4104 lenum
302 4047 375 4104 leno
396 4047 510 4116 acuitur,
532 4056 560 4105 et
580 4048 662 4107 homo
683 4059 796 4108 exacuet
818 4051 914 4110 iaciens
1002 4051 1092 4110 Sobrii
1104 4061 1193 4110 estote
1202 4059 1231 4110 et
1243 4051 1388 4122 vigilitate,
1405 4049 1469 4120 quir
1483 4049 1652 4106 adversarius
1663 4059 1755 4109 vester

139 4136 209 4193 amici
221 4137 275 4193 sui.
968 4141 1091 4197 diabolus
1112 4142 1188 4211 quasi
1208 4142 1251 4198 leo
1273 4142 1382 4212 rugiens
1402 4140 1508 4206 circuit,
1524 4155 1648 4210 quereus
1674 4155 1755 4214 quent

359 4258 366 4274 .
429 4222 506 4266 ΠΜ
523 4223 628 4267 ⁸¹⁸*OE
968 4230 1116 4305 devorel(l
1131 4230 1256 4306 Peter).

168 4298 195 4354 Si
214 4299 322 4355 esttibi
352 4297 527 4369 intellectus,
558 4303 692 4374 responde
717 4303 843 4376 proximo
871 4315 917 4363 tuo
1297 4338 1419 4382 rrcoour.

139 4388 244 4494 (ΨΜ
259 4391 300 4462 'd'
931 4414 958 4474 l>
1005 4411 1239 4472 Resistileautem
1264 4412 1383 4481 diabolo,
1399 4421 1427 4469 et
1440 4410 1523 4482 lugiet
1551 4426 1567 4467 a
1593 4412 1670 4469 robis
1694 4411 1756 4481 (da-

168 4480 214 4537 Srn
224 4491 313 4537 autem
324 4482 360 4539 sit
372 4496 468 4540 manus
483 4493 526 4540 tua
536 4499 619 4555 super
632 4499 663 4541 os
677 4493 762 4552 tuum,
778 4503 812 4545 ne
825 4489 917 4561 capit·
969 4502 1026 4562 cot,
1038 4520 1064 4561 η
1074 4506 1095 4574 r,

141 4571 262 4631 risrerbo
277 4574 485 4647 indisciplinato,
500 4585 528 4634 et
541 4576 713 4634 confundaris
727 4577 832 4652 (lits).
1308 4588 1419 4630 raucus.
1740 4644 1743 4651 ¹

439 4680 614 4723 nrsaonrrrus.
1004 4663 1086 4719 Arma
1110 4662 1212 4719 militiae
1233 4669 1342 4730 nostru,
1356 4677 1412 4718 non
1426 4662 1556 4732 camalia,
1569 4663 1617 4721 sed
1635 4660 1756 4735 potentia

169 4751 240 4810 Care
253 4768 288 4810 ne
299 4763 363 4812 ante
384 4758 513 4828 magister
530 4758 570 4815 sis
581 4772 660 4828 quarn
683 4759 841 4832 discipulus,
856 4771 920 4825 ante
970 4754 1018 4812 Dei
1033 4754 1077 4827 (ΙΙ
1090 4754 1153 4810 Cor·
1169 4753 1218 4826 ll)-

138 4844 210 4902 miles
223 4845 292 4903 uelis
306 4861 462 4918 essequam
477 4848 539 4905 tiro.
1296 4859 1436 4900 ostensos.

168 4936 238 4993 Care
249 4952 284 4993 ne
295 4938 354 4994 sine
367 4938 480 4996 doctore
497 4939 655 5010 ingrediaris
668 4941 738 4996 vlam
755 4958 835 5013 quam
851 4959 920 4999 nun.
1007 4936 1058 5004 Qui
1072 4937 1141 4992 bene
1154 4943 1210 4990 exrt
1222 4934 1257 4990 dc
1268 4934 1428 5001 tenutionc,
1441 4941 1558 5005 siquem
1570 4943 1683 4990 lentullo
1696 4949 1758 5003 pro·

137 5037 212 5095 quam
228 5030 364 5097 ingressus
376 5044 424 5096 εις
438 5038 467 5084 et
485 5041 562 5100 parte
574 5031 659 5086 altera
683 5032 830 5099 declinans,
845 5050 921 5091 erro·
971 5030 1087 5086 babilem
1101 5027 1198 5091 reddit,
1213 5027 1264 5084 iste
1277 5027 1351 5082 venit
1365 5027 1399 5083 atl
1409 5027 1552 5083 sanitatem
1563 5026 1670 5095 judicii.

137 5129 191 5170 rem
208 5118 331 5188 patiaris,
354 5126 382 5174 el
395 5119 455 5191 plus
468 5120 589 5176 ambules
600 5135 679 5191 quam
695 5136 805 5180 neccsse
819 5136 878 5192 est;
893 5135 921 5182 ct
1006 5119 1035 5176 Si
1049 5135 1113 5190 ergo
1139 5119 1239 5175 sideris
1254 5127 1460 5191 persecutorem
1484 5124 1558 5170 tuum
1578 5115 1686 5169 nimium
1709 5114 1759 5166 ali·

136 5218 243 5264 currens
253 5207 363 5279 laxeris,
376 5218 423 5266 aut
433 5225 523 5267 moras
535 5210 636 5267 iaciens
650 5212 777 5270 dormias.
972 5213 1081 5286 quando
1091 5212 1260 5277 saeuientem,
1276 5212 1345 5269 scito
1359 5211 1421 5283 quia
1436 5208 1470 5264 ab
1485 5219 1627 5263 ascensore
1641 5218 1690 5260 suo
1704 5205 1761 5259 dn-

171 5296 247 5353 liulla
261 5298 417 5372 arsabsque
429 5301 558 5372 magistro
568 5301 687 5359 discitur.
972 5318 1052 5360 mone
1066 5311 1233 5375 perurgetur.

170 5386 254 5446 lullo
264 5391 687 5462 temporediscequarndoceas.
1280 5403 1453 5446 sucusrrrlus.

171 5478 210 5534 lie
226 5477 323 5537 credas
340 5480 526 5539 laudatoribus
541 5483 602 5548 tuis,
618 5485 672 5542 imo
696 5485 849 5545 irrisoribus
873 5503 921 5543 au·
1007 5486 1100 5544 Omnis
1123 5487 1203 5542 bomo
1217 5484 1262 5555 qui
1284 5483 1365 5541 alium
1388 5483 1546 5551 incorpore
1572 5478 1753 5551 persequitur.

140 5586 193 5629 reto
206 5587 241 5631 ne
254 5576 453 5632 accommodes.
972 5579 1047 5649 prius
1069 5577 1173 5647 ipsein
1199 5573 1280 5631 corde
1309 5571 1527 5643 persecutionem
1554 5569 1689 5627 sustinere
1712 5583 1758 5624 co·

172 5665 230 5722 lion
244 5673 357 5737 appetas
370 5666 472 5740 majora
494 5667 594 5726 uiribus
609 5669 671 5738 luis,
687 5671 749 5740 quia
771 5672 867 5728 melius
881 5681 921 5732 ost
973 5668 1123 5740 gnoscitur.
