3810 6128
122 345 176 403 tiu
707 329 829 387 sentit
847 324 1004 385 innuant
1023 323 1167 383 nuntiis
1697 308 1752 365 m

89 438 97 447 .-
124 459 151 513 qu
167 453 377 534 riqilial’esclnae
390 461 503 529 sernum
517 443 640 515 inlustret.
653 441 731 513 Quod
744 440 942 540 miraculumA
1058 450 1117 491 eom
1196 440 1267 559 Γ.)
1285 429 1318 484 Et
1338 429 1406 485 intra
1416 446 1424 511 ‚²
1449 425 1671 481 «verumtamen
1685 422 1748 535 quia

60 556 63 561 ·
144 524 232 581 nando
246 530 368 591 conperit.
382 519 425 575 nel
447 533 470 573 er
489 524 554 571 ante
566 522 689 597 tempora
705 510 904 593 Saramuorum
1008 504 1106 590 nardus
1215 517 1264 557 osrr
1279 497 1624 581 tnrncpatrrarcianuornen
1638 505 1693 547 rien
1707 500 1734 545 ta

123 543 215 661 doerit,
238 592 336 648 nullius
356 588 473 645 historin
486 584 642 653 estquitrone
654 584 825 663 discernitur.
841 578 906 661 leqr
956 585 1012 643 cet,
1024 590 1084 657 ιριι
1098 589 1142 631 me
1155 582 1247 627 mouet
1257 586 1375 631 occasio,
1389 576 1523 648 utuomma
1533 560 1749 645 patriarcharum

122 678 175 735 eqo
191 662 331 730 inscripto
346 656 473 714 Bernardi
492 652 616 711 monaehi
629 653 702 722 qnod
716 650 907 732 anhtncuaums
956 661 1066 727 nomina
1078 657 1240 725 proponam.
1254 660 1264 693 ι
1283 641 1344 720 lime
1357 652 1448 718 onrura
1462 642 1628 690 corrueumnt
1642 647 1671 685 m
1685 644 1749 700 pos·

124 733 246 790 ducentis
259 729 461 798 quinquaqinta,
474 724 500 781 id
514 723 845 804 estannoulucaruatroms
859 734 907 775 on·
957 726 1040 773 terme
1063 714 1241 775 lunerarmm,
1266 725 1342 778 curus
1363 707 1477 803 prounde
1497 703 1668 759 Btnrrmrdurn
1691 714 1750 755 uno-

124 800 313 871 tiuqeutesimo
322 815 352 856 se
372 797 520 866 tnagrsimo
532 793 602 849 idem
617 789 831 862 Hierosolymam
845 803 907 857 pro·
958 785 1074 865 nucinum
1085 792 1224 837 auctorem
1239 791 1315 861 certo
1328 786 1504 856 pronuntiare
1518 788 1573 855 runo
1587 784 1697 834 vereor,
1711 778 1752 823 te·

123 870 220 935 lectus,
240 868 328 939 murm
345 814 419 922 rfrnm
437 864 545 928 uiderit,
562 863 764 931 hospitatusque
779 858 861 913 luerit
880 856 908 912 in
959 862 1035 910 metu
1059 868 1158 934 nomeu
1180 853 1257 931 deest
1279 864 1306 903 ιιι
1326 846 1427 901 Codice
1441 844 1676 940 ¹liernrprnnoqtttt
1689 852 1753 899 utet

123 939 293 997 xenodochio
335 936 480 993 undidem
505 932 637 1004 gloriosus
661 930 774 985 Carolus
796 926 908 995 linguon
959 940 1029 981 anm.
1040 921 1106 989 Quis
1116 936 1181 978 sero
1191 920 1269 975 luem
1280 916 1431 998 Bernartius
1440 912 1595 996 eliodorum
1606 906 1752 981 aliquande

124 1008 244 1067 construi
262 952 391 1081 iusszrat,
414 1004 460 1061 uiri
474 1011 502 1060 et
521 1001 712 1059 bibliothecam
732 998 848 1069 menotio
860 1012 908 1053 ex·
960 993 1067 1063 assequi
1080 991 1181 1049 licebit.
1195 990 1255 1046 laun
1270 989 1421 1043 Adnmunm
1435 986 1519 1039 tuturos
1531 980 1684 1037 sudamus

849 1156 980 1164 ..--——
995 1155 1096 1162 μ-

209 1168 320 1180 ψ-η-ηη
536 1163 638 1170 -—--—-

489 1278 828 1401 SANG'H
864 1278 933 1399 Δ
975 1271 1380 1397 ,eutem

572 1596 670 1723 DE
714 1590 940 1720 LOCIS
987 1590 1323 1723 sitietis

665 1809 698 1847 ΙΙ
720 1809 871 1850 ἣΕΙΔΤΙΟΝΕ
889 1807 1001 1849 atcutrt
1021 1806 1138 1848 uniscunt
1157 1805 1234 1847 didm!

764 1944 936 2023 LIBRI
970 1941 1139 2021 Tuus,

378 2154 425 2219 (Ιι
438 2166 498 2204 mse.
508 2152 580 2205 codd.
591 2150 647 2203 lat.
658 2158 685 2202 et
695 2150 766 2201 surb.
780 2157 806 2201 ot
816 2150 877 2201 edit.
888 2148 1009 2209 Gretsert,
1023 2146 1086 2210 apud
1099 2142 1310 2195 strumense.
1322 2143 1384 2193 Bon.
1396 2154 1453 2193 sec.
1463 2149 1510 2207 ιιι.)

695 2356 914 2467 oretenus
952 2340 1188 2449 lindius.

163 2545 455 2612 nummtuerurtuet
469 2546 540 2614 Filii,
551 2542 814 2617 etSplritnssancti‚
828 2551 922 2601 texero
938 2546 959 2607 Β
974 2540 1039 2599 mini
1062 2539 1222 2595 ddamnauo
1241 2540 1298 2596 hmo
1317 2542 1440 2598 universa
1454 2557 1514 2613 que
1532 2543 1603 2601 inira
1625 2546 1760 2604 exaranda

128 2643 228 2701 libram
241 2643 276 2696 de
290 2640 357 2696 locis
371 2639 471 2710 incipio
482 2637 594 2694 sanetis.
605 2634 731 2693 lucullus
742 2644 852 2691 sanetus
861 2634 921 2704 cpi·
975 2642 1038 2687 suin
1056 2631 1241 2701 experimenta
1254 2631 1408 2702 diligentium
1421 2636 1613 2705 perscrutanti,
1631 2647 1660 2694 et
1674 2638 1761 2709 primo

130 2745 239 2802 scopus,
258 2738 338 2801 pente
352 2728 455 2793 Gallus.
469 2729 635 2785 diuersorum
656 2726 736 2797 longe
754 2736 920 2782 remotorum
974 2723 1002 2779 ln
1013 2722 1302 2790 tubulasdescrilrenti,
1315 2726 1762 2786 tidelietindnlritaltilinarratiooe

130 2823 233 2893 peritus
255 2820 388 2887 locorum,
410 2835 492 2876 ueras
512 2819 592 2875 index
610 2826 638 2875 et
659 2818 726 2873 satis
748 2816 873 2885 idrnens,
892 2816 920 2873 in
969 2813 1092 2880 dictauit,
1105 2829 1165 2884 quae
1180 2830 1252 2871 nunc
1272 2816 1299 2871 in
1322 2817 1485 2875 meoibrauis
1502 2820 1580 2875 breui
1594 2828 1671 2877 texto
1693 2821 1761 2879 seri·

130 2909 373 2982 illerosolpmitana
382 2909 492 2965 ciuitate
506 2922 554 2979 per
568 2922 676 2964 urensee
688 2921 784 2962 nouem
796 2907 920 2977 hospita·
974 2905 1083 2962 imutur.

133 3015 186 3073 tus,
209 3013 238 3062 ct
263 3003 329 3059 iocis
351 3002 513 3073 quotidianis
535 3000 735 3057 visitationibus
758 2997 917 3071 peragratis,

761 3261 910 3339 tritten
940 3260 1147 3337 PRIMUS.

362 3505 476 3563 CAPUT
496 3502 642 3562 Pliilliiil.
831 3512 838 3519 ·
935 3501 1109 3572 ediriquur,
1135 3515 1196 3571 quoe
1221 3508 1356 3571 perempta
1381 3516 1448 3573 rupo
1470 3501 1633 3559 orientalem
1658 3502 1767 3576 respic&

351 3597 391 3654 De
402 3600 452 3653 situ
469 3597 645 3655 Hierusalem.
976 3592 1091 3663 plagam,
1106 3590 1193 3647 nullas
1202 3591 1302 3647 habere
1311 3603 1405 3661 portas
1417 3595 1621 3663 comprobatur.

172 3689 213 3749 Ile
224 3691 276 3748 situ
288 3689 456 3746 liiemsaiem
471 3704 543 3745 nune
555 3688 677 3759 qnaedsm
700 3687 841 3745 scribenda
862 3696 926 3745 snut
1011 3682 1106 3739 Sedet
1119 3682 1171 3738 lroe
1184 3681 1265 3737 etiam
1280 3696 1334 3737 uon
1344 3695 1405 3738 esse
1418 3683 1638 3753 pretereundum
1660 3682 1767 3741 videtur

139 3797 225 3855 pauca
239 3796 272 3838 ex
288 3780 331 3836 tus
354 3793 415 3850 qum
443 3779 508 3833 mihi
535 3787 644 3834 tanetus
658 3778 770 3834 dictauit
784 3774 926 3845 trcnilns3
977 3775 1051 3846 quod
1066 3775 1144 3834 riobis
1173 3785 1283 3832 sanctm
1308 3774 1478 3833 Arcullusde
1506 3777 1586 3849 huius
1599 3776 1769 3837 ciritadsla

138 3889 170 3931 ea
184 3888 320 3943 ueroque
335 3871 362 3927 ιιι
387 3869 501 3927 alioruin
517 3870 592 3926 libris
613 3870 648 3925 de
670 3868 793 3940 ejusdem
811 3868 928 3925 civitatis
978 3866 1085 3922 Christo
1098 3866 1303 3923 honorificentia
1323 3867 1450 3938 prelatos
1471 3870 1601 3935 narrarit,
1624 3867 1768 3941 inquiens

136 3965 272 4037 positione
284 3961 484 4034 reperiuntura
499 3960 577 4017 nobis
598 3957 828 4031 pretermittenda
854 3966 926 4014 eunt
977 3957 1150 4015 Diversarum
1164 3959 1285 4031 gentium
1301 3959 1419 4031 undique
1432 3974 1519 4031 prope
1532 3961 1678 4017 innumera
1698 3958 1770 4015 mel·

140 4054 170 4112 ln
203 4056 280 4125 enjus
310 4067 406 4123 magno
431 4066 569 4108 mororum
597 4048 782 4107 anrbituidem
805 4047 930 4107 ircullus
980 4051 1067 4106 titudo
1086 4065 1120 4105 nr
1134 4051 1179 4107 die
1191 4052 1293 4108 mensis
1303 4051 1472 4121 Septembris
1491 4052 1772 4111 annlremarlnnrste

137 4162 238 4205 uxsrm
253 4144 403 4202 uulnerauit
419 4153 506 4200 turres
520 4152 548 4199 et
562 4152 654 4214 portas
667 4142 708 4200 bis
732 4151 836 4208 menas,
860 4157 929 4213 qua·
981 4141 1007 4195 in
1019 4140 1211 4212 liierosolymis
1220 4142 1366 4198 convenire
1373 4143 1443 4198 solet
1452 4143 1486 4198 ad
1499 4143 1772 4201 commeminerint&

138 4253 199 4293 rum
210 4251 258 4307 per
268 4234 410 4290 circuitum
422 4232 540 4288 civitatis
550 4232 617 4289 ordo
626 4232 665 4289 sic
680 4233 799 4301 ponitur.
812 4232 836 4286 ι.
848 4230 930 4288 Porta
982 4232 1046 4304 ill..
1056 4230 1166 4303 motuis]
1176 4233 1375 4291 venditionibus
1383 4240 1411 4290 et
1419 4234 1771 4309 empuontunspementa.

138 4326 225 4384 liarid
240 4326 274 4381 ad
297 4322 493 4381 occidentalem
507 4332 613 4395 partem
628 4324 729 4380 montis
751 4324 817 4380 Sion
843 4323 930 4393 prima
982 4322 1058 4379 Unde
1070 4322 1128 4379 iteri
1141 4338 1253 4380 neeesse
1266 4335 1308 4381 est
1331 4336 1361 4383 nt
1386 4342 1436 4397 per
1448 4325 1554 4399 aliquot
1565 4326 1626 4383 dies
1638 4326 1669 4385 ιι
1678 4326 1774 4387 uh

138 4423 306 4476 numeratur.
320 4413 347 4469 ι.
363 4411 445 4469 Porta
461 4413 529 4469 villae
544 4413 674 4469 Fullonia.
688 4413 715 4468 5.
732 4414 814 4470 l‘orta
828 4414 857 4470 S.
872 4412 931 4470 Ste-
983 4415 1089 4485 hospita
1102 4415 1212 4472 ciuitate
1223 4414 1391 4473 diversorum
1403 4418 1574 4489 hospitentur
1586 4418 1676 4475 toris·
1688 4430 1774 4491 μμ·

140 4509 233 4585 pisani.
245 4507 271 4563 l.
293 4506 375 4563 Porta
394 4504 545 4575 Beniamin.
560 4504 586 4560 5.
609 4505 730 4571 Postula,
744 4506 798 4563 lroc
810 4513 854 4563 est
871 4520 934 4576 par·
985 4505 1083 4572 lorum,
1097 4522 1212 4576 quorum
1226 4507 1343 4578 plurima
1356 4510 1521 4567 camelorum
1534 4519 1563 4569 et
1574 4526 1711 4584 οριιιιηιι
1720 4510 1775 4569 ssi-

141 4602 205 4655 uuia
217 4605 295 4669 porta
308 4597 342 4652 alr
356 4597 409 4651 hac
423 4611 471 4665 per
480 4595 579 4665 prauus
589 4593 656 4670 [Al.
668 4594 778 4668 grados]
792 4595 825 4653 ad
837 4596 934 4653 uallem
985 4613 1136 4670 nurumque
1154 4601 1335 4657 numerositas
1347 4602 1493 4671 mulorum,
1506 4618 1614 4661 necnon
1638 4612 1668 4661 et
1691 4604 1773 4661 bn!

141 4690 273 4760 iosaphat
282 4687 464 4746 descenditur.
480 4688 507 4743 ti.
523 4687 605 4745 l'orta
619 4687 751 4747 Teeuitis.
986 4688 1059 4762 [sl.
1084 4688 1197 4762 bonurn]
1223 4691 1406 4749 masculorum
1438 4692 1608 4751 diremeru-
1634 4700 1774 4751 vector-

179 4780 228 4855 llic
238 4780 459 4855 itaqueordoper
470 4779 625 4837 earumdem
634 4788 773 4851 portarum
783 4788 811 4837 et
820 4780 935 4837 turrium
987 4794 1087 4845 rerum,
1106 4794 1154 4850 per
1168 4780 1228 4837 ilias
1242 4781 1376 4852 politanas
1389 4780 1494 4852 plateas
1505 4789 1660 4839 stercorum
1672 4778 1776 4839 alted-

144 4871 389 4943 intercapediossa
413 4879 491 4941 porta
514 4870 600 4928 lierid
614 4887 695 4943 supra
709 4880 859 4931 memorata
886 4888 935 4945 per
948 4870 974 4933 ti
986 4869 1108 4926 nationes
1123 4871 1294 4941 propriorum
1308 4872 1408 4943 passim
1427 4871 1527 4929 sternit
1540 4889 1549 4927 a
1564 4884 1684 4943 quormn
1698 4870 1778 4931 pidre

141 4961 296 5026 circuitum,
321 4961 532 5030 septentrionem
553 4976 647 5019 rerem
665 4962 763 5019 exindo
785 4963 819 5021 ad
844 4964 935 5021 orien-
987 4976 1041 5017 non
1053 4959 1231 5018 mediocriter
1244 4962 1349 5019 ciuibus
1363 4962 1467 5021 insedit
1486 4962 1654 5029 minnan,
1671 4976 1735 5035 qn
1750 4968 1779 5019 et

146 5063 202 5111 rem
225 5049 358 5125 diripitur.
384 5048 438 5115 Sed
455 5050 602 5121 quamunet.
619 5066 668 5109 sex
686 5060 770 5123 portae
800 5051 829 5109 in
852 5052 937 5111 mnrls
987 5051 1145 5111 amonuit
1170 5052 1373 5125 impeditionem
1400 5054 1532 5125 pmiert.
1560 5052 1660 5110 Ιιιιιι
1686 5050 1775 5109 dien!

145 5150 334 5209 numerentur,
370 5141 533 5199 celebriores
556 5151 648 5199 umen
675 5158 710 5199 ex
734 5143 774 5199 eis
795 5151 935 5214 portarurn
987 5145 1135 5216 posidium
1150 5159 1233 5217 supra
1248 5154 1426 5202 memoratum
1437 5145 1675 5203 mceoeioniseam
1688 5142 1777 5201 dire·

148 5238 277 5295 introitus
298 5235 516 5307 frequentantur,
528 5249 599 5290 nous
613 5236 648 5291 ab
656 5235 828 5304 occidentali,
840 5236 909 5294 aiter
922 5251 937 5293 a
988 5237 1026 5293 sis
1037 5246 1186 5295 turmarum
1193 5237 1335 5309 jumentis,
1345 5247 1428 5297 nocte
1440 5239 1634 5309 summusque.
1645 5238 1778 5295 m

150 5331 366 5405 septentrionali,
381 5331 477 5393 tentos
491 5331 525 5387 ab
537 5330 662 5389 orientali
678 5338 765 5402 parte.
990 5328 1142 5400 pluviarum
1166 5331 1246 5401 eopia
1267 5330 1303 5386 de
1323 5331 1439 5387 nuutios
1451 5328 1535 5387 mnu
1548 5344 1633 5401 seper
1655 5326 1782 5386 sende·

182 5422 220 5479 Ea
231 5439 296 5481 uero
311 5438 374 5494 pars
393 5434 535 5479 murorum
546 5435 607 5479 curn
633 5420 801 5492 interpositis
819 5419 938 5477 mnium
989 5420 1129 5479 descendit
1142 5421 1281 5477 civitatem
1296 5438 1305 5479 z
1319 5436 1379 5493 qnae
1387 5430 1460 5479 totas
1468 5421 1627 5493 abstergens
1641 5416 1783 5477 Mire·

146 5524 207 5580 qim
230 5526 345 5582 asupra
368 5514 503 5587 descripta
513 5511 598 5570 iiarld
622 5520 700 5586 porta
724 5511 938 5585 peraqniionale
989 5511 1059 5569 biles
1072 5512 1108 5569 de
1123 5511 1221 5583 plateis
1233 5511 1338 5577 sordes,
1355 5512 1475 5569 ablutam
1488 5513 1523 5569 air
1534 5506 1785 5569 immittendi

149 5604 248 5658 rrroutis
260 5602 326 5661 siun
337 5605 524 5674 supercilium,
538 5603 642 5677 quoda
661 5602 776 5661 meridie
787 5603 937 5674 supereni-
989 5618 1062 5660 eam.
1094 5602 1160 5660 iiam
1185 5602 1446 5676 llierosolpmitanus
1471 5602 1531 5675 ipss
1552 5602 1623 5658 sites
1647 5614 1665 5657 a
1689 5610 1785 5671 snp-

149 5698 322 5764 netciuirati,
337 5699 470 5768 usquead
493 5711 554 5755 eam
576 5697 694 5769 eiusdem
708 5697 808 5755 montis
822 5696 938 5755 lronteor
988 5695 1052 5754 cilio
1065 5694 1211 5766 aquilonali
1225 5694 1325 5752 montis
1347 5694 1414 5753 Sion
1436 5694 1581 5781 dampierre,
1594 5693 1633 5751 its
1644 5700 1688 5751 ost
1710 5685 1785 5749 medi
