3810 6128
126 283 178 338 ltst

481 283 639 341 t'Edtrtttt
660 283 740 340 ttud.
760 281 863 339 cuent.
888 278 1086 339 contuntur
1106 283 1247 342 ocnubtt
1270 283 1357 340 tans
1378 283 1397 338 l.

127 392 184 447 Nam
201 390 262 459 ligat
280 391 436 459 immunem,
449 406 501 447 non
520 394 599 449 solvit
613 409 691 464 poena
707 400 860 461 nocentem,
925 398 950 457 Λ
966 392 1080 463 Pingere
1094 410 1146 451 non
1161 404 1272 465 pnssnnt
1287 396 1431 466 pretiosam
1446 394 1526 452 verba
1539 392 1664 464 liguram.

165 481 203 535 ttit
221 494 331 550 persona
342 480 422 549 eupit,
437 481 460 536 si
471 496 519 537 sua
536 497 615 538 eausa
630 491 720 555 neget.

127 570 238 627 Lumina
252 571 340 627 cordis
355 571 447 636 babes,
463 573 545 626 animi
559 572 680 629 radiante
695 572 816 639 lucerna,

162 663 196 717 Et
210 672 270 717 taus
279 670 378 716 aeterna
395 661 453 717 luce
464 671 590 717 coruscat
601 677 684 732 apex.

124 752 233 823 lngenin
250 761 368 806 torrente
384 751 482 820 loquax
497 751 530 806 rlc
543 751 617 808 lanto
628 752 742 819 salubri,

162 844 324 911 [divitiasque
340 842 397 912 pias
409 856 455 896 ore
470 842 569 896 liuente
582 842 662 911 rigas.

125 937 153 993 Si
169 935 260 990 rirlras
274 934 389 1004 aliquem
404 929 539 988 delectum
554 929 624 987 lorto
635 932 753 987 taboret

158 1024 232 1080 Nilus
246 1032 274 1079 ut
288 1022 443 1094 AEgyptum,
459 1022 498 1076 sic
513 1032 556 1076 tna
572 1022 659 1090 lingua
676 1021 758 1076 toret.

124 1119 174 1186 Qui
190 1120 290 1187 patrias
303 1116 376 1186 leges
391 1116 459 1169 intra
475 1122 519 1168 tua
534 1123 641 1183 pectora
652 1114 782 1179 condens,

157 1209 171 1249 b
183 1207 317 1278 implicitae
331 1219 419 1261 causae
433 1204 538 1259 solvere
551 1202 593 1258 dla
610 1212 696 1271 potes.

121 1299 245 1357 assiduis
256 1296 341 1368 epulis
353 1305 469 1360 saturas,
486 1293 649 1359 nerrerarrde,
665 1302 803 1356 catervas,

159 1394 191 1448 Et
204 1392 322 1459 repletus
333 1391 399 1458 abit,
415 1388 462 1458 qui
477 1396 520 1442 tua
537 1393 608 1442 tecta
623 1386 699 1455 petit.

120 1488 149 1543 st
165 1485 242 1541 venis
257 1485 282 1537 in
295 1494 416 1551 carupns,
432 1479 467 1533 ibi
481 1477 557 1548 plebs
573 1477 706 1545 pascenda
722 1474 848 1541 recurrit,

155 1576 386 1646 Consequitnrqne
398 1585 472 1637 suas,
488 1580 514 1625 te
527 1569 679 1625 comitando
691 1610 698 1634 ,
715 1569 808 1638 dapes.

122 1669 188 1724 l’ota
203 1667 273 1721 teras
286 1664 388 1720 cunctis
403 1662 561 1730 persecuta
576 1661 654 1731 longa
670 1669 809 1730 superstes
822 1676 829 1725 ;

157 1760 190 1815 lit
204 1769 312 1812 araneas
327 1755 417 1825 poptnli
431 1768 538 1822 semper
551 1754 578 1807 itt
591 1767 638 1808 ore
654 1761 758 1822 potens.

420 1861 534 1918 crttbt'
555 1862 598 1917 vt.

121 1958 160 2014 lle
187 1957 308 2010 Palatina
332 1966 343 1994 t
368 1953 424 2023 tilio
451 1951 624 2076 Glffi't'sswi’
654 1965 736 2006 uxore
769 1948 911 2021 Godcqisili

121 2115 301 2193 [Paliatinam
317 2114 398 2168 lrliatn
418 2109 595 2181 Gallomagni,
618 2125 729 2193 uxorem
751 2109 911 2180 Godegisili,

157 2191 246 2242 laudat
271 2184 430 2240 Fortunatus
444 2183 494 2237 lmc
509 2190 636 2250 poernatc,
651 2190 679 2237 et
692 2195 751 2249 epus
773 2182 911 2251 egregiam

157 2260 279 2320 lumnam,
306 2254 362 2322 pari
387 2268 448 2306 cntn
471 2253 580 2322 iugenio
600 2261 628 2306 et
651 2251 751 2321 eloquii
775 2251 912 2307 suavitate

156 2327 345 2394 coniunctam,
360 2318 554 2392 corumendat.]

122 2439 228 2496 Lucifer
243 2445 271 2490 ut
284 2434 382 2490 nitidos
397 2432 555 2503 producitin
570 2428 699 2487 retbered
714 2430 814 2499 tultus,

156 2529 260 2584 clarior
271 2537 298 2581 et
310 2527 371 2580 laeto
382 2523 486 2578 nuntiat
497 2538 544 2578 ore
558 2522 642 2589 diem,

121 2629 206 2682 Ornat
216 2621 304 2680 eundo
319 2620 419 2691 polum,
435 2619 514 2674 terris
528 2632 635 2689 quoque
655 2616 778 2687 lampada
792 2613 875 2672 mittit
888 2617 912 2683 ·,

160 2718 247 2788 Atque
261 2715 330 2769 inter
344 2711 439 2767 stellas
451 2708 551 2764 lumine
565 2722 650 2779 regna
660 2715 748 2763 tenet:

128 2807 138 2849 ¹
153 2808 200 2865 Sic
214 2817 257 2862 tua
268 2801 418 2860 diffundens
434 2798 564 2855 radiantia
575 2797 773 2867 luminarultu,

159 2897 302 2955 Femineos
316 2895 401 2950 vincis
416 2890 553 2962 pulchrior
566 2904 613 2947 ure
628 2898 641 2937 t
657 2889 765 2944 choros.

125 2998 160 3054 lit
174 2994 188 3033 ¹²
203 2995 248 3050 tibi
261 2992 300 3047 sic
312 2991 383 3048 cedit
397 2988 535 3045 muliebris
551 2989 629 3043 turba
646 2987 755 3056 decore,

161 3086 196 3144 llt
209 3086 275 3142 solis
290 3084 371 3139 radiis
385 3081 488 3136 lumine
501 3080 563 3135 luna
584 3081 681 3135 minor.

125 3183 201 3238 Clara
217 3186 356 3235 serenatos
368 3181 502 3242 permutat
513 3172 596 3227 torma
612 3174 726 3237 colores,

163 3273 228 3328 Lilia
242 3283 313 3324 nunc
325 3279 463 3335 reparans,
475 3279 547 3319 nune
560 3263 710 3318 verecunda
727 3277 813 3317 rosas.

124 3364 242 3428 Credite,
258 3374 319 3415 narn
335 3358 358 3414 si
372 3356 433 3427 quis
446 3355 538 3410 vultus
552 3352 721 3423 conspexerit
735 3351 805 3418 illos,

162 3456 211 3511 llio
224 3451 317 3522 relegit
331 3447 339 3487 ί
356 3446 446 3515 dores,
460 3459 528 3518 quos
539 3443 603 3501 dare
619 3458 699 3500 verna
712 3442 809 3499 solent.

163 3664 176 3692 ⁸
197 3651 266 3707 Edit.
283 3648 363 3712 ch..
379 3649 445 3713 sorte
460 3647 555 3701 labare.

160 3722 175 3762 ¹³
195 3720 266 3777 Edit.
287 3719 384 3786 Paris,
400 3717 557 3785 sirrrplt'citer.

162 3807 173 3836 e
188 3793 218 3848 lu
229 3792 296 3847 ten.
312 3790 382 3844 lidit.
402 3787 453 3842 iste
467 3797 510 3841 est
524 3784 636 3856 hujusce
651 3782 781 3853 poematis
796 3782 889 3837 titulus
904 3803 910 3837 :

126 3866 158 3920 de
169 3862 300 3921 Palatina,
312 3859 367 3928 filie
381 3856 450 3912 Galli
463 3856 551 3926 dloqui
562 3857 685 3926 episcopi,
696 3870 776 3908 neore
790 3852 911 3910 Rosonr'e.

125 3937 191 3991 lteut
212 3935 239 3986 iu
259 3931 343 3985 tribus
366 3926 450 3982 Codd.
465 3926 524 3980 Vat.
542 3927 654 3994 legitur:
668 3922 723 3992 filia
737 3921 807 3978 Gelli
823 3923 913 3993 dloqui

124 4004 248 4130 :tttttt
263 3995 912 4141 bbittunt?''tlttttlt‘tbtt'tlt

127 4143 216 4210 Gallo,
228 4145 408 4198 Aruernorum
418 4110 555 4205 ’praesrtim
571 4137 614 4204 qul
629 4136 673 4189 tali
690 4134 767 4189 titulo
781 4104 912 4202 deliquari

127 4225 230 4285 posset,
247 4211 319 4266 nulla
333 4210 420 4278 proles
435 4207 516 4262 luisse
532 4208 643 4275 legatur.
658 4205 726 4259 Addi
743 4213 769 4258 et
784 4203 846 4258 illud
863 4220 912 4272 po-

127 4296 190 4353 test,
201 4283 269 4340 Galli
281 4279 398 4352 episcopi
415 4279 601 4341 arvernensis,
616 4288 729 4329 mortem
744 4273 777 4327 ad
791 4289 834 4327 aar.
849 4273 911 4338 bet,

126 4371 180 4427 quo
193 4367 264 4409 antro
279 4350 396 4404 noandum
412 4348 438 4401 in
452 4346 564 4401 Galliam
579 4345 724 4400 adverterat
735 4341 908 4407 Fortunatus,

1001 484 1056 540 Nec
1071 488 1140 542 salet
1154 487 1291 556 eloquium
1307 487 1374 552 mira
1387 485 1489 541 relerre
1504 497 1606 539 meum.

966 574 1071 630 Gratior
1084 575 1207 642 incessu,
1224 575 1231 627 l
1262 591 1341 631 sensu
1356 575 1499 632 reserenda
1513 575 1620 644 pudico,

1000 665 1073 721 l'alis
1085 669 1111 721 in
1127 669 1244 738 ingenio,
1255 668 1342 740 qualis
1354 669 1380 722 in
1395 683 1442 724 are
1458 669 1539 723 nitor.

965 755 1093 812 Blandior
1107 757 1236 827 alloquio,
1252 758 1366 828 placidis
1380 757 1537 814 suauissima
1552 755 1654 822 verbis,

1002 848 1203 920 despiciamque
1215 851 1311 923 lyram,
1327 851 1349 905 si
1365 860 1408 906 tua
1424 851 1514 921 lingua
1524 859 1613 906 sonat.

966 935 1078 992 l‘ectore
1094 938 1236 1007 perspicuo
1247 939 1377 1009 sapientia
1391 939 1502 1008 provida
1514 938 1608 1008 lulget,

999 1024 1116 1081 Omatur
1129 1042 1219 1093 setus,
1236 1038 1261 1084 te
1273 1029 1402 1091 radiante,
1421 1036 1494 1083 tuus.

965 1116 1084 1188 Crnajnge
1098 1120 1218 1188 pervigili
1230 1120 1308 1175 nituit
1320 1122 1405 1192 magis
1415 1120 1476 1175 aula
1492 1118 1590 1184 mariti,

1001 1209 1089 1265 Floret
1100 1219 1128 1265 et
1140 1211 1247 1282 egregia
1263 1209 1277 1250 ¹
1293 1212 1464 1282 dispositrice
1480 1211 1588 1267 domus.

964 1300 1030 1356 lure
1044 1301 1151 1370 quidem
1165 1317 1260 1374 magna
1276 1314 1329 1370 est,
1344 1319 1403 1374 quae
1418 1310 1460 1359 est
1472 1302 1541 1357 Galli
1557 1300 1613 1356 utta
1625 1303 1728 1372 magni.

999 1389 1053 1447 Sed
1066 1392 1162 1445 merito
1178 1404 1246 1447 natae
1258 1394 1345 1447 crevit
1357 1392 1459 1448 honore
1475 1400 1560 1461 pater.

964 1479 1022 1534 Non
1034 1480 1113 1535 aliter
1129 1490 1245 1550 poterat,
1258 1483 1309 1539 nisi
1323 1498 1434 1540 munere
1447 1483 1546 1539 clarior
1558 1497 1629 1549 esse,

999 1571 1065 1640 Qua
1079 1574 1177 1628 meruit
1190 1577 1263 1629 celso
1273 1574 1353 1646 digna
1367 1576 1474 1646 placere
1487 1576 1556 1631 niro.

965 1662 1050 1733 Elegit
1066 1679 1082 1721 o
1095 1665 1284 1736 priusquam
1298 1667 1396 1723 ebarns
1407 1677 1512 1723 amaret
1524 1674 1671 1722 aulantem.

926 1741 951 1802 B
999 1756 1032 1810 st
1043 1756 1124 1825 tuum
1139 1758 1233 1827 paam
1242 1759 1344 1827 putten
1360 1756 1369 1796 t
1387 1758 1445 1828 nse
1460 1756 1522 1813 stur.

962 1844 1049 1902 durbo
1067 1861 1143 1916 pares
1153 1848 1239 1918 juncti
1251 1848 1344 1919 longos
1358 1849 1488 1904 maneatis
1500 1848 1526 1903 in
1537 1862 1623 1903 annos
1632 1856 1664 1913 ω,

999 1935 1032 1991 Et
1046 1952 1209 2008 quacunque
1224 1938 1317 1995 nolunt
1326 1939 1422 2013 gaudia
1435 1947 1535 2008 restra,
1550 1937 1651 1995 lerant.

1263 2120 1378 2176 (ldl’lll'
1399 2120 1452 2176 Vll.

1240 2233 1279 2287 be
1294 2233 1366 2306 Lupo
1379 2243 1394 2271 ¹¹
1407 2235 1480 2289 duce.

965 2359 1080 2432 [Laudat
1096 2360 1197 2432 Lupum
1220 2362 1313 2418 ducem
1329 2363 1457 2419 uberrimi
1472 2362 1627 2433 gravitatem
1640 2399 1649 2427 ,
1663 2359 1698 2416 ob
1710 2360 1751 2416 la-

998 2432 1132 2496 eundiam,
1145 2435 1179 2487 ob
1194 2435 1362 2488 tolerantiam
1379 2434 1405 2488 in
1420 2436 1534 2500 pubticrs
1549 2431 1705 2487 muneribus
1719 2446 1752 2488 ac

1000 2501 1112 2570 negntds
1126 2502 1297 2567 sustinendis,
1312 2503 1347 2556 ob
1362 2502 1543 2558 tortitudinem
1558 2502 1640 2556 animi
1651 2509 1679 2557 et
1692 2500 1749 2556 elo·

999 2572 1054 2638 quil
1067 2572 1092 2624 in
1109 2574 1245 2640 responsis
1259 2573 1362 2638 alaudis,
1374 2583 1401 2628 et
1412 2571 1554 2643 lungernlis
1570 2570 1747 2641 legationibus

998 2642 1168 2710 gravitatem,
1180 2642 1214 2696 ob
1226 2641 1355 2712 justitiam
1368 2645 1393 2697 in
1408 2648 1497 2697 causis
1511 2640 1701 2712 ponderandis,
1712 2639 1749 2695 ob

1000 2709 1111 2780 adeptos
1133 2711 1249 2767 lronnres
1262 2721 1290 2768 et
1304 2712 1330 2768 in
1346 2713 1378 2766 iis
1393 2711 1517 2783 gerendis
1539 2711 1691 2766 felicitatem
1717 2724 1751 2765 ae

1000 2780 1137 2844 virtutem,
1149 2782 1183 2836 ob
1194 2792 1281 2852 partas
1296 2785 1420 2838 victorias
1430 2797 1462 2836 ao
1476 2782 1617 2836 militarent
1627 2780 1749 2836 laborem

1000 2861 1028 2906 et
1042 2852 1216 2914 industriam,
1231 2851 1267 2909 ob
1288 2853 1417 2923 praeclara
1433 2855 1458 2906 in
1473 2852 1636 2922 Sigibertuut
1658 2863 1750 2921 metat

1000 2923 1106 2985 rnerita,
1120 2920 1154 2975 ob
1166 2924 1324 2976 suavitatem
1340 2938 1442 2977 morum
1457 2930 1485 2978 et
1498 2923 1637 2977 orationis.
1648 2920 1689 2975 Ad
1703 2935 1752 2977 et·

1002 2999 1113 3045 trentam
1126 2992 1260 3061 singulare
1276 2992 1302 3046 ln
1318 2992 1390 3046 illurn
1405 2993 1474 3064 regis
1492 2992 1616 3064 Siglbertl
1630 2990 1749 3048 studlutu

924 3083 949 3147 c
1001 3070 1028 3116 et
1040 3060 1251 3118 benomtentiam
1265 3062 1412 3135 declaras]

965 3193 1073 3265 drrtiqur
1088 3209 1223 3264 proceres,
1240 3204 1267 3251 ct
1281 3196 1388 3251 nomina
1403 3195 1473 3252 celsa
1489 3194 1608 3265 priorum

999 3286 1103 3343 Cedant
1118 3298 1230 3355 crrncta,
1242 3288 1309 3358 Lupi
1323 3303 1433 3344 nanrrere
1445 3289 1513 3343 ricta
1524 3289 1609 3343 ducis.

965 3376 1055 3447 Scipio
1068 3378 1138 3446 quod
1152 3379 1275 3446 sapiens,
1291 3378 1357 3433 Cato
1372 3381 1442 3450 quod
1458 3387 1577 3433 maturus
1597 3376 1711 3433 babebat
1722 3385 1749 3445 ⁸,

999 3469 1141 3539 Ptrrnpeius
1153 3471 1224 3537 lelix,
1240 3471 1329 3526 ornnia
1341 3471 1413 3527 solus
1427 3470 1521 3527 habes.

964 3669 1017 3724 dux
1033 3668 1132 3738 luerit,
1148 3669 1372 3740 quemadmodum
1388 3667 1470 3723 relcrt
1484 3666 1550 3721 Vrn.
1574 3665 1657 3730 note,
1670 3663 1754 3720 statui

965 3741 1071 3809 nequit,
1086 3755 1146 3795 cum
1174 3741 1278 3793 tronttisl
1302 3739 1464 3808 cotrjecturis
1488 3738 1560 3791 locus
1581 3749 1642 3790 este
1657 3737 1752 3803 possit.

965 3809 1050 3865 llento
1064 3821 1152 3863 tamen
1167 3810 1335 3875 inllelabitur,
1347 3824 1406 3877 quae
1420 3809 1454 3862 dc
1467 3804 1612 3875 Goligisilo
1625 3804 1667 3858 bic
1682 3819 1753 3874 prae·

964 3881 1086 3935 dicantur
1100 3894 1176 3948 aeque
1189 3881 1223 3933 de
1238 3880 1351 3942 bosone,
1367 3878 1553 3948 potentissimo
1567 3876 1631 3931 olitu
1646 3875 1674 3930 lu
1687 3873 1754 3930 Gat-

966 3951 1009 4005 tiis
1024 3951 1093 4015 uiro,
1109 3949 1246 4019 praedicari
1261 3964 1350 4018 posse.

1000 4018 1014 4057 ‘¹
1031 4021 1099 4074 Edit.
1118 4020 1184 4074 l'en.
1199 4030 1226 4074 et
1247 4035 1313 4075 rmus
1326 4018 1391 4073 liod.
1409 4016 1470 4071 llat.
1485 4018 1512 4070 iu
1523 4014 1629 4071 tethea.

1000 4099 1014 4128 ⁸
1028 4090 1094 4145 Tres
1117 4088 1201 4144 Cudd.
1218 4090 1290 4155 tat,
1312 4088 1429 4160 lampade
1449 4089 1536 4142 anicet.
1565 4086 1636 4141 Edit.
1652 4083 1754 4151 Parit..

965 4171 1046 4216 terras
1056 4161 1174 4228 larrrpnde
1185 4161 1286 4213 lnrtrnt.

1003 4229 1013 4270 t
1030 4231 1100 4285 Edit.
1116 4230 1202 4284 Paris.
1219 4230 1258 4284 sie
1272 4230 1336 4300 legit
1348 4229 1417 4283 bunc
1431 4243 1538 4284 uersum
1552 4245 1560 4283 e

1026 4328 1068 4379 Sic
1078 4327 1224 4392 perpulchra
1237 4335 1293 4378 tuos
1302 4327 1442 4379 dilluudeus
1452 4327 1542 4379 lumina
1551 4325 1631 4379 tulta.

126 4440 189 4481 cunr
202 4425 245 4478 tric
265 4420 386 4475 rideatur
407 4417 441 4472 de
454 4416 530 4472 Gallo
546 4414 661 4485 llagno,
679 4422 707 4469 ut
721 4414 807 4468 adbuc
819 4429 913 4481 super·
929 4425 957 4488 ῃ
1003 4421 1016 4460 s
1032 4411 1102 4466 Edit.
1118 4409 1215 4478 Paris,
1231 4420 1309 4466 corae.

261 4510 268 4543 l
290 4529 297 4543 .

128 4495 913 4631 ⁵⁸¹lflalffll'amattnstntrcattomaqnm,trecensisepne„

128 4633 162 4690 tle
183 4647 236 4702 qno
251 4631 330 4698 Greg.
345 4627 422 4690 Tun,
438 4627 456 4680 l.
472 4624 506 4679 de
522 4623 589 4677 Vitis
609 4623 736 4686 Petrum,
753 4637 778 4677 c.
800 4623 827 4688 8,
843 4636 870 4674 n.
886 4621 904 4675 8

128 4704 173 4775 qui
188 4699 318 4783 reperitur
332 4696 520 4766 subscripsisse
532 4707 610 4748 conc.
625 4691 710 4746 Paris.
726 4707 752 4744 rr
765 4732 773 4755 ,
788 4706 832 4746 an.
851 4690 915 4758 575,

129 4784 157 4829 et
170 4773 273 4829 llatrsc.
285 4784 305 4833 r,
320 4782 364 4821 an.
381 4763 443 4826 581,
455 4765 499 4821 rel
511 4762 573 4827 583,
585 4774 615 4817 ut
627 4770 703 4832 putat
713 4762 800 4816 coint.
816 4766 857 4817 dn
873 4763 916 4817 bic

129 4841 211 4901 luerit
221 4841 256 4896 de
269 4851 323 4908 quo
336 4834 496 4890 Fortunatus
510 4836 561 4890 boc
576 4835 635 4889 loco
648 4834 713 4902 agit,
729 4832 841 4887 delinire
861 4847 915 4888 non

129 4914 226 4969 auden.
244 4911 386 4964 Brnwerus
396 4906 521 4973 opinatur
535 4905 607 4959 lrunc
622 4903 703 4957 luisse
724 4912 813 4971 potrus
825 4902 917 4959 Gallo·

130 4996 255 5109 llll
279 4972 915 5105 ἑ”’“ἑ““5““5’,5555555ὶῖἓὲοέοέ

131 5058 916 5246 mllgnqlpzl'ojd’gguieqeoit‘elltirt,rpaTr'ilarglJncepstortuuausus

239 5209 246 5245 Ι
268 5210 273 5243 Ι
294 5207 308 5245 e
518 5225 524 5239 Ι
632 5222 640 5239 0

132 5205 316 5331 ctbxodvm
324 5202 914 5327 Godtgtsttustffatndnam.Gattimagntotiam,

132 5349 243 5391 utorenr
257 5329 389 5390 babuerit,
404 5343 456 5383 nort
479 5327 565 5382 terem
576 5339 607 5379 ea
624 5338 666 5378 res
681 5325 761 5377 nabet
773 5320 917 5376 dilllculta·

133 5415 197 5468 tem,
212 5401 356 5458 cumidem
377 5395 537 5467 Godigisilns
551 5409 626 5465 qnncr
649 5392 714 5462 lupi
735 5391 883 5461 appelletur
901 5406 915 5446 a

132 5473 213 5541 Grug.
226 5474 303 5538 Tur„
318 5469 364 5524 lib.
385 5483 411 5521 ts
429 5468 497 5521 llrst.
513 5465 625 5530 Fratre,
641 5476 700 5534 cap.
716 5464 761 5518 lt.
787 5466 840 5516 dut
853 5475 917 5533 ergo

132 5543 294 5612 Godigisilns
318 5538 449 5594 secundas
472 5537 577 5602 nuptias
600 5535 766 5591 contraxisse
785 5531 917 5586 dicendus

132 5624 183 5680 cst,
199 5622 244 5667 aut
269 5610 310 5664 bic
335 5609 403 5662 alius
429 5605 592 5676 Godigisilus
616 5604 713 5668 luiso,
729 5603 770 5659 cui
797 5601 916 5656 Palatina

132 5692 268 5755 nupserat.
282 5680 376 5737 btrunr
389 5692 453 5734 tero
466 5678 522 5747 ipse
536 5693 588 5733 trun
602 5675 773 5746 Godigisilus,
785 5671 833 5730 sed
848 5672 918 5730 busa

1002 4478 1099 4536 ¹²'l'res
1114 4479 1199 4536 codd.
1216 4481 1288 4548 lat,
1301 4489 1345 4535 cul
1359 4480 1415 4538 lllu'.

1005 4550 1014 4589 ¹
1032 4551 1103 4606 Edit.
1122 4550 1199 4617 len,
1215 4552 1256 4605 lu'c
1267 4553 1355 4623 rcthr't
1369 4554 1457 4621 daret.

1004 4621 1012 4673 i
1032 4621 1103 4676 Edit.
1121 4620 1216 4688 Paris,
1229 4622 1309 4683 mitis,
1324 4624 1471 4687 emenda,
1484 4621 1587 4693 pudice.

1003 4690 1018 4730 ἱ
1033 4691 1105 4746 Edit.
1123 4690 1218 4754 Paris..
1235 4691 1360 4762 disposita
1373 4707 1432 4748 arec
1445 4695 1545 4745 dentes.
1810 4761 1814 4767 .

1004 4762 1015 4800 ¹
1032 4761 1184 4825 tudetem,
1202 4761 1300 4816 Patriae
1308 4763 1354 4832 jar
1368 4763 1445 4816 dotet
1460 4762 1514 4831 ipre
1526 4760 1581 4815 tibi.
1598 4759 1671 4816 Unus
1684 4759 1752 4816 Ctnd.

967 4833 1029 4892 Vnt.
1042 4841 1070 4886 et
1085 4831 1156 4887 Edit.
1172 4833 1268 4896 Paris,
1284 4832 1393 4885 uindicet
1403 4832 1457 4902 ipse
1467 4831 1526 4885 sibi.

1003 4911 1024 4940 Ν
1039 4900 1115 4958 Unus
1125 4901 1192 4956 God.
1208 4900 1308 4963 latio,
1324 4902 1405 4971 longia
1420 4903 1544 4955 mametis
1558 4901 1681 4956 iaerrnis.

1002 4980 1018 5011 ¹
1029 4971 1130 5041 Lupus,
1143 4973 1176 5025 ad
1190 4987 1269 5040 quem
1283 4971 1333 5026 lanc
1347 4986 1442 5042 poema
1456 4974 1645 5040 scriptumest,
1657 4983 1754 5039 taragna

967 5043 1037 5114 apud
1052 5056 1142 5113 regern
1159 5041 1320 5108 sigibertum
1332 5042 1458 5108 praedrnn
1472 5042 1641 5103 antecedente,
1651 5049 1681 5094 ct
1691 5052 1756 5108 gra·

968 5116 1015 5178 tta,
1025 5110 1175 5181 Campania
1186 5111 1333 5166 lltrenrcnsi
1344 5112 1457 5178 praeluit.
1467 5110 1503 5177 lS,
1511 5113 1600 5167 occiso
1610 5111 1756 5179 sigiberto,

967 5180 1058 5254 gravia
1071 5182 1145 5236 verrit
1156 5182 1182 5235 in
1194 5182 1346 5236 disrriruina
1357 5197 1418 5236 eum
1427 5181 1499 5246 ulta,
1508 5193 1562 5236 tum
1573 5181 1754 5241 lortnnarum,

987 5261 1077 5320 ropcer
1092 5252 1339 5320 potentissimorum
1363 5252 1499 5307 bonitium
1521 5251 1691 5313 inituiritras3
1706 5249 1755 5303 scd

970 5324 1042 5386 rnde,
1057 5320 1234 5377 Brunictdldis
1259 5321 1358 5390 reginae
1372 5321 1472 5386 lasere,
1488 5331 1516 5376 et
1527 5334 1618 5392 opera,
1632 5330 1753 5389 ereptus,

968 5401 996 5447 at
1005 5406 1048 5456 rue
1062 5407 1076 5444 a
1093 5390 1279 5447 Guntbramno
1295 5405 1367 5456 rege,
1388 5391 1515 5461 sigiberti
1531 5391 1622 5456 tratre,
1640 5389 1756 5457 benigne

968 5471 1106 5526 exceptus,
1122 5463 1214 5517 tandin
1230 5461 1299 5527 apud
1315 5477 1375 5517 eum
1390 5464 1475 5529 rirrt,
1492 5463 1577 5530 quoad
1599 5459 1759 5514 Cluildeber·

970 5543 1021 5599 tus,
1037 5532 1162 5598 sigiberti
1183 5533 1261 5596 unns,
1277 5532 1450 5600 adolerissct,
1473 5542 1502 5587 ut
1516 5537 1603 5602 tegere
1623 5539 1664 5585 est
1685 5529 1759 5596 apud

969 5601 1404 5731 ortgbtllrlelnvztctat'esllndd.
1422 5672 1493 5739 lab,
1517 5680 1632 5729 ntntttrttt
1655 5672 1749 5744 egebat
