3810 6128
214 241 267 300 063

868 235 1038 291 flieronis
1057 233 1194 291 ructuat

1803 233 1852 293 tot

215 371 266 414 nes
275 369 309 411 et
318 353 468 410 linoterrae
478 366 538 408 esse
548 366 611 406 rasa
626 348 736 413 flebilia,
747 355 774 402 et
787 361 864 417 quasa
875 348 1005 416 quantam
1022 352 1046 411 Α
1061 347 1238 416 transgrediar
1251 360 1353 399 maram
1364 342 1452 416 (Prot.
1466 344 1544 414 arri).
1560 342 1588 400 st
1602 357 1669 400 rem
1678 342 1792 415 eloquio
1804 346 1855 403 fre·

217 460 295 503 terrae
320 446 424 516 glebas,
435 444 469 498 ad
485 457 594 509 parrum
610 448 716 511 tempus
740 447 845 493 erectas
860 437 894 489 de
918 443 1010 500 terra,

216 538 300 593 irrsuo
312 536 386 591 sirico
397 539 486 589 denuo
499 546 653 591 recasuras;
670 529 799 584 lurmiliutr
809 542 874 596 ergo
887 537 1011 596 inriguam

217 630 250 683 de
274 635 345 681 terra
370 624 457 694 puli-is
484 622 607 677 dicamus
628 621 700 689 qrtod
724 636 818 674 sumus
834 638 840 672 :
856 618 927 684 firgo
955 617 1012 671 haee

216 732 281 772 caro
299 713 449 784 corpusculi
464 712 549 767 nostri
562 711 640 781 quasi
651 725 688 778 qu
698 710 774 763 udam
785 709 880 764 durans
895 716 936 763 est
952 709 1012 761 aui·

216 825 338 875 motuum
361 808 400 862 sic
419 808 481 860 ritae
496 805 646 859 ministerio
667 803 817 867 attributa,
843 802 912 856 sicut
930 800 1013 854 servit

215 901 305 971 gladio
321 901 409 954 thera.
435 896 531 952 Sedent
558 911 623 950 aero
643 895 727 963 ipsius
747 895 842 948 aniurn
867 893 894 947 in
923 891 1012 947 cordis

215 992 350 1049 credimus
364 988 455 1045 radice
479 986 616 1042 fundatam
634 1003 640 1039 :
656 984 807 1056 quaerendis
822 982 891 1037 duos
913 982 939 1036 in
952 996 1012 1036 cur·

216 1096 281 1151 pore
293 1094 433 1151 supremos
445 1076 567 1148 possidet
580 1090 671 1130 rannus
688 1116 696 1141 ,
725 1082 752 1128 ct
767 1073 826 1142 plus
846 1070 956 1140 fragiles
984 1072 1011 1124 in

213 1179 340 1242 peccato.
355 1171 459 1234 Uriuru,
481 1169 508 1223 in
535 1182 590 1237 quo
613 1166 747 1234 corporali
774 1179 849 1218 ranno
864 1163 940 1232 quasi
964 1176 1013 1231 per

216 1265 345 1333 quasdam
360 1261 491 1318 fenestras
513 1259 653 1314 oculorum
679 1257 855 1312 foraminibus
884 1257 918 1310 de
940 1254 1013 1309 intus

216 1358 333 1411 aruinam
344 1355 479 1410 credimus
501 1356 649 1420 respuere,
666 1350 740 1403 etde
765 1349 927 1402 intrinsecus
947 1361 1012 1400 con·

216 1445 466 1514 cupiscentiassuas
480 1443 566 1511 ipsam
582 1455 689 1509 semper
700 1438 874 1505 intelligimus
888 1437 1009 1492 incitare.

217 1537 305 1590 hlium
322 1550 443 1599 ramuur,
466 1534 493 1586 in
514 1547 569 1602 quo
589 1538 737 1600 conceptos
751 1529 822 1584 fetus
842 1528 933 1583 cordis
955 1528 1011 1597 ipsa

217 1631 243 1682 in
259 1627 336 1682 nobis
359 1633 438 1679 sinuat
452 1625 604 1693 parturiens
628 1638 675 1691 per
688 1621 784 1688 lingum
807 1619 965 1687 cloquium:
983 1625 1011 1671 ut

1063 438 1162 502 crarrdo,
1176 447 1222 491 aut
1232 452 1333 506 pravo,
1359 445 1406 490 aut
1420 451 1501 500 rann,
1515 436 1678 505 negligentia
1705 451 1739 493 ot
1766 452 1853 495 am·

1063 531 1151 595 serit,
1179 545 1241 583 ntor
1266 530 1359 583 clauso
1381 543 1429 582 ore
1452 539 1481 582 et
1493 528 1600 598 signato
1615 528 1703 583 erucis
1717 528 1807 598 sigillo
1827 529 1852 589 ia

1062 619 1147 675 corde
1169 621 1218 675 sibi
1242 620 1387 688 loquatur¹
1416 618 1510 673 dicens
1533 633 1595 672 cum
1621 616 1780 686 Propheta:
1796 617 1852 675 filei

1063 710 1206 766 rrtstodmm
1224 711 1278 763 uim
1294 725 1376 775 meru,
1387 717 1416 760 ut
1428 725 1481 762 non
1492 708 1639 777 delinquant
1648 708 1677 762 itt
1686 707 1780 781 finge«
1788 724 1852 765 m.

1066 801 1143 855 f'osui
1157 804 1195 855 eri
1208 818 1264 856 meo
1275 803 1440 856 custodiam:
1454 800 1584 866 obmutui,
1599 809 1625 854 et
1639 802 1793 856 bambone
1802 817 1855 857 ιιι

1063 892 1292 955 »sinuamina
1314 893 1398 946 tortia.
1417 892 1462 946 llis
1472 892 1592 946 ostendit
1614 891 1774 962 Propheta,
1797 894 1820 950 si
1839 907 1857 951 a

1063 984 1141 1039 hunis
1163 983 1277 1052 eloquiis
1300 991 1410 1053 propter
1435 983 1648 1039 taciturnitatem
1662 986 1746 1041 dehet
1770 985 1855 1042 initer-

1062 1075 1124 1128 ilum
1141 1076 1245 1143 taceri,
1270 1075 1473 1144 quantomagis
1498 1091 1512 1128 a
1539 1075 1617 1130 malis
1640 1077 1732 1132 verbis
1747 1085 1856 1149 propter

1063 1167 1164 1234 peccae‘
1190 1181 1297 1238 poenanr
1321 1169 1403 1222 debet
1424 1168 1548 1222 cessari?
1581 1168 1651 1237 Ergo
1677 1171 1805 1237 quamvls
1824 1171 1856 1227 de

1062 1254 1141 1310 haitais
1155 1264 1183 1309 et
1196 1257 1308 1318 sanctis,
1320 1266 1349 1310 et
1358 1257 1566 1313 aedificationum
1581 1258 1703 1329 eloquiis
1730 1258 1856 1329 perfectis

1063 1347 1120 1400 disc
1132 1347 1202 1415 pulis
1218 1356 1328 1417 propter
1351 1351 1543 1405 taciturnitatis
1564 1353 1728 1421 gravitatem
1742 1368 1805 1409 rara
1818 1352 1856 1411 Ιο·

1062 1437 1160 1504 queruli
1175 1438 1342 1493 coucedatur
1360 1441 1485 1505 licentia,
1516 1453 1607 1499 tamen
1631 1444 1667 1500 ab
1680 1446 1743 1502 aliia
1768 1446 1855 1503 verbis

1063 1544 1117 1581 non
1137 1528 1294 1597 interrogati
1311 1529 1407 1585 fratres
1430 1532 1522 1588 tandiu
1546 1535 1572 1588 iu
1593 1536 1783 1595 taciturnitate
1794 1539 1851 1596 tile·

1062 1632 1156 1687 scant,
1186 1624 1306 1693 quandiu
1339 1626 1412 1680 taciti
1438 1626 1512 1682 frena
1544 1630 1599 1684 oris
1628 1644 1724 1686 eorum
1753 1631 1855 1689 abbate

217 1729 385 1792 perportant
405 1718 498 1773 exieus
513 1717 568 1771 oris
592 1722 708 1783 occupet
732 1713 848 1767 alienum
872 1711 1008 1775 auditum,
1028 1701 1048 1760 ii
1065 1717 1273 1782 interrogatione
1303 1715 1435 1771 frixentur.
1462 1717 1581 1790 ideoque
1607 1722 1779 1780 taciturnitas
1809 1724 1855 1780 th·

216 1821 245 1867 et
262 1808 390 1882 quidquid
413 1809 439 1862 in
464 1807 541 1861 nohis
555 1821 576 1867 a¹
590 1805 671 1858 itntur
691 1814 718 1857 et
744 1812 888 1868 irroretur,
913 1802 1010 1854 arainue
1062 1803 1108 1857 bet
1126 1820 1291 1872 magnopere
1313 1821 1329 1859 a
1348 1807 1476 1862 fratribus
1490 1809 1639 1865 custodiri:
1658 1810 1728 1875 Quia
1748 1815 1777 1868 itt
1791 1816 1854 1869 ni-

215 1902 387 1959 estactusiu
409 1912 532 1968 corpore.
559 1894 814 1949 litideeeoutrario
831 1892 875 1958 lit,
906 1901 935 1944 ut
960 1893 1010 1943 mi·
1062 1894 1167 1965 titoquie
1191 1912 1243 1949 non
1268 1897 1641 1968 effugiturpeccatamlf'roo.
1664 1910 1706 1968 xl.
1725 1903 1760 1957 Et
1787 1902 1854 1972 ides,

215 2004 310 2066 grante
328 1994 362 2047 de
378 1992 436 2060 ipso
458 1987 596 2044 douricilio
609 1987 720 2051 anima,
748 1994 834 2039 totum
859 1984 885 2038 in
902 1992 1009 2037 mortrui
1060 1989 1407 2042 ntoractaitainmonilas
1435 1989 1855 2064 linguae(fhid.x).1tfauiiuqui

216 2085 325 2141 bormne
338 2083 407 2137 desit
426 2079 498 2150 quod
514 2078 644 2147 apellatur
657 2079 683 2131 in
701 2079 761 2130 tivo
786 2077 820 2130 ab
834 2076 933 2139 auium,
949 2089 1009 2143 quae
1061 2084 1089 2129 et
1102 2074 1202 2132 docere
1216 2079 1374 2144 magistrum
1389 2080 1539 2146 condecet,
1556 2088 1573 2133 t.
1583 2095 1652 2137 cere·
1668 2089 1697 2136 et
1709 2084 1807 2139 audire
1818 2082 1857 2139 u-

216 2184 244 2229 οι
258 2190 322 2229 utox
336 2187 384 2226 sua
401 2181 478 2226 terrae
492 2176 599 2223 mortua
624 2166 728 2222 reddita
744 2166 840 2235 gleba,
869 2174 1010 2220 revertens
1063 2167 1168 2236 scipulo
1183 2169 1320 2223 conuenit.

216 2267 243 2321 iu
258 2274 380 2320 naturam
397 2271 474 2316 terrac
487 2259 604 2315 laurrrinis
613 2268 694 2321 terra,
704 2259 889 2327 absconsoque
900 2256 1010 2311 bomine

217 2363 242 2415 in
257 2357 392 2428 sepulcro,
411 2362 569 2424 recooperta
583 2353 656 2408 lassa
672 2354 698 2407 in
714 2352 797 2420 ligura
811 2367 858 2407 sua
881 2362 953 2406 terra
967 2365 1008 2405 re

215 2449 279 2503 deat
292 2444 455 2516 pavimenti;
478 2452 507 2496 ut
520 2441 615 2496 similis
630 2452 693 2496 tunc
708 2440 791 2496 luisse
810 2451 880 2494 terra
905 2441 1010 2494 rincnte

216 2544 378 2609 agnoscatur
390 2535 416 2588 in
441 2533 571 2599 liorarine,
596 2547 656 2601 qaia)
683 2532 780 2586 arriuiae
803 2530 891 2586 fuerat
916 2532 1010 2599 vigore
1062 2506 1118 2573 0¹¹⁰
1137 2511 1229 2564 Mine
1252 2519 1365 2564 “miei
1393 2512 1487 2591 [mim
1516 2510 1618 2592 “stim
1639 2511 1861 2584 immam

215 2637 327 2693 erecta,
349 2638 378 2681 et
404 2626 542 2696 peregriua
556 2628 617 2679 vitas
632 2633 734 2678 mutata
754 2624 787 2678 ad
805 2632 922 2693 tempus.
948 2622 1010 2678 ldeo
1350 2583 1450 2651 swam
1472 2579 1568 2634 “hm

216 2719 305 2774 anima
328 2732 344 2771 a
371 2716 449 2771 nohis
475 2714 608 2783 migrante
631 2715 721 2783 rigore
746 2721 819 2768 stare
846 2728 899 2767 nou
920 2722 1011 2783 potest

1365 2281 1480 2338 CAPUT
1494 2282 1540 2339 tlt.

1283 2409 1481 2449 tarnuuocnrm
1501 2410 1640 2450 orscmutt.

1188 2704 1339 2744 RESPONDET
1360 2705 1472 2745 boninus
1491 2706 1543 2745 eett
1566 2706 1733 2749 uiolentia.

216 2805 436 2874 nustricorporis
450 2813 537 2867 terra;
553 2803 601 2858 sed
614 2804 716 2858 caderis
740 2803 766 2857 in
782 2812 905 2857 naturam
931 2817 1007 2857 suam
1096 2803 1164 2858 Cum
1184 2803 1218 2857 de
1231 2803 1308 2857 malis
1322 2813 1449 2872 tanquam
1472 2804 1506 2859 de
1530 2805 1609 2861 honis
1631 2805 1750 2876 eloquiis
1777 2804 1857 2863 fretae
1883 2808 1886 2813 '

215 2896 398 2953 absconditio
416 2895 477 2949 sinu
491 2909 541 2950 suo
557 2904 628 2948 terra
643 2893 786 2959 factumn,
801 2909 883 2963 quam
905 2895 1009 2963 genuit.
1061 2895 1251 2952 tacimrnitatis
1274 2896 1496 2966 constringuntur
1520 2896 1668 2967 discipuli,
1692 2907 1724 2954 et
1738 2899 1856 2955 licenti·

217 2991 287 3060 h'rgo
301 2990 324 3044 si
347 2989 406 3044 haec
429 2988 517 3042 auinm
533 2987 560 3041 in
575 2986 652 3041 nohis
665 2985 807 3040 oculorum
823 2986 929 3052 nisum,
955 2984 1010 3040 oris
1061 3005 1156 3045 eorum
1183 2989 1272 3044 aditus
1301 2991 1441 3058 praeseutia
1464 2990 1582 3058 inagiatri
1608 2991 1737 3046 custodia
1762 2991 1858 3049 otae·

215 3084 362 3152 eloquium,
377 3081 481 3134 auriruu
497 3080 552 3145 agit
566 3078 702 3141 arribtum3
719 3087 746 3132 et
762 3077 834 3146 cupiit
846 3086 955 3148 propter
968 3076 1009 3132 fu·
1024 3058 1046 3123 C
1062 3088 1178 3144 nautum
1197 3096 1257 3135 cum
1278 3080 1440 3135 rreccssariae
1455 3081 1563 3135 utilitati
1585 3096 1681 3136 eorum
1703 3082 1803 3151 aliqua
1815 3083 1857 3139 ie·

217 3182 304 3225 turam
319 3170 512 3223 discussionem
526 3166 636 3220 factoris
658 3166 718 3231 sui,
747 3166 878 3220 volrrntati
897 3167 942 3221 bei
957 3167 1009 3221 ob·
1062 3171 1259 3242 terrogationes
1272 3170 1430 3224 adverterint
1439 3172 1527 3226 adbuc
1538 3173 1631 3227 clauso
1644 3187 1694 3227 ore
1707 3183 1738 3227 et
1751 3176 1855 3241 signato

217 3272 386 3333 teutmarus,
413 3269 441 3314 et
462 3260 521 3326 eius
541 3257 604 3312 dum
628 3259 695 3312 vivit
709 3258 825 3313 militare
853 3261 1008 3329 praeceptis,
1061 3263 1148 3316 tacitas
1162 3260 1299 3330 gravitatis
1312 3260 1400 3330 sigillo
1410 3302 1418 3327 ,
1430 3270 1534 3315 stantes
1548 3270 1612 3315 autc
1628 3262 1764 3330 nrajriretn
1779 3262 1853 3319 incli-

216 3353 326 3407 claudat
337 3351 562 3420 correupiseeutiis
577 3352 633 3405 suis
647 3351 787 3405 oculorum
808 3351 959 3418 fenestras,
982 3363 1011 3408 et
1060 3362 1125 3407 nato
1139 3351 1298 3406 hamilitatis
1310 3354 1408 3421 capite,
1421 3352 1542 3406 clausum
1556 3353 1583 3406 in
1598 3353 1709 3409 silentio
1723 3370 1757 3409 os
1778 3352 1851 3409 clare

220 3442 375 3497 humiliatus
388 3442 503 3496 declinet
517 3443 541 3494 io
559 3449 657 3495 terrain
673 3451 813 3511 aspectum
829 3445 938 3498 utmala
954 3460 1008 3499 non
1060 3445 1256 3501 benedictionis
1271 3446 1405 3514 aperiant.
1422 3443 1499 3510 Quod
1521 3445 1544 3500 si
1566 3447 1652 3501 senrcf
1675 3446 1758 3502 dicta
1771 3448 1848 3504 hene·

219 3537 326 3598 viseum
341 3540 369 3586 et
389 3545 450 3586 curu
465 3539 592 3586 curvatus
616 3532 696 3586 fuerit
722 3544 815 3587 irnster
829 3534 956 3599 obtutus,
977 3550 1011 3591 ne
1061 3537 1169 3592 dictioni
1194 3536 1227 3590 ad
1244 3537 1434 3606 postulandum
1449 3537 1587 3606 eloquium
1611 3539 1702 3594 adhuc
1716 3555 1774 3595 aron
1798 3552 1847 3597 ru·

217 3638 384 3694 quaeeunque
400 3622 496 3677 uiderit
512 3624 600 3677 anima
616 3625 800 3694 concupiscat.
815 3625 900 3680 ilabct
913 3627 1010 3681 tleirule
1061 3628 1179 3698 pomlcat
1206 3627 1325 3696 magistri
1352 3627 1513 3697 permissio,
1538 3628 1636 3683 iterato
1663 3628 1842 3685 humiliationi

218 3715 307 3770 aiiirua
318 3723 409 3769 nostra
420 3714 591 3769 corisbtutam
604 3725 710 3784 portani
721 3717 786 3781 oris,
799 3725 826 3771 et
838 3733 925 3772 seram
940 3719 1010 3771 diarr-
1060 3719 1159 3785 capite,
1172 3727 1200 3772 et
1212 3718 1400 3773 benedictione
1413 3718 1472 3772 sula
1486 3717 1586 3773 iterum
1601 3722 1740 3790 repetita,
1766 3719 1841 3776 du

218 3807 295 3869 tium,
310 3820 389 3874 quarn
409 3821 491 3874 pravo
510 3805 619 3860 clarrdat
631 3807 804 3875 cloquiotut
830 3824 883 3862 nou
899 3817 1011 3863 accuset
1061 3817 1094 3871 ab
1109 3817 1207 3871 abbate
1221 3816 1373 3885 postuletur
1391 3816 1511 3871 licentia.
1529 3817 1839 3882 quadrimanus·
1899 3862 1901 3867 .

218 3897 308 3950 anima
326 3896 456 3951 factorem
467 3909 545 3949 suum
560 3895 715 3949 munilicum
735 3897 785 3949 nbi
797 3896 907 3950 rninimc
919 3905 1010 3951 custu-
1061 3922 1219 3976 responsum
1244 3907 1335 3973 fuerit,
1350 3919 1463 3962 curvari)
1475 3907 1540 3962 irem
1566 3909 1593 3962 jn
1608 3908 1762 3965 huminem
1773 3906 1842 3964 Μ.

217 3987 288 4042 diam
299 3985 461 4052 subticeam
484 3985 509 4039 id
530 3995 587 4052 esi,
607 3999 667 4040 cllttt
692 3987 858 4056 proabaverit
882 4002 896 4040 a
920 3986 1010 4041 cordi}
1061 3997 1416 4068 pu10‚jamipgesfagepgg
1432 3998 1617 4054 {unwanum
1645 4009 1800 4065 „mom”
1815 4008 1855 4053 u

217 4079 308 4136 radice
320 4078 418 4146 aliquid
430 4078 457 4131 in
479 4076 601 4143 fratrem,
617 4084 644 4130 et
668 4078 785 4132 senserit
813 4091 843 4131 se
868 4078 1011 4135 exterioris
1062 4098 1109 4142 uun
1121 4089 1218 4143 ruinius
1228 4090 1253 4143 ei
1269 4099 1410 4158 apparea,
1426 4099 1473 4144 aut
1486 4091 1645 4159 improbus,
1669 4098 1699 4145 οι
1713 4104 1765 4145 guo
1778 4084 1864 4160 (μή

219 4171 288 4225 airuri
300 4169 441 4230 clausura;
458 4167 483 4223 id
498 4174 559 4232 est,
584 4169 639 4222 oris
651 4177 679 4222 et
702 4167 822 4223 dentium
843 4171 892 4224 sibi
908 4171 1009 4225 exitum
1062 4181 1180 4236 reat-‚titus
1193 4181 1281 4235 anthim
1293 4190 1370 4248 gerat
1393 4198 1418 4250 p:
1429 4197 1536 4237 isonam
1550 4185 1687 4245 tacentis:
1702 4190 1734 4237 at
1757 4185 1783 4238 in
1797 4182 1879 4251 ipfl

219 4260 363 4330 dimidii·
390 4258 813 4314 oeV0l²0⁰⁸d⁰¹¹u⁰²l¹f³l¹500¹¹¹
841 4263 952 4327 ῡθΐόῑῦ,
973 4263 1009 4317 ibi
1061 4269 1211 4324 humilitate
1224 4271 1415 4325 taciturnitatis
1440 4272 1576 4325 existimet
1594 4271 1771 4342 mauretipsuttt
1791 4264 1889 4324 ilfi·

219 4361 313 4423 pereat
327 4352 354 4405 in
365 4350 583 4406 abhorricatione
597 4365 655 4412 aua,
666 4357 694 4404 et
710 4358 738 4405 ut
751 4353 876 4421 parvulus
885 4351 1010 4409 allidatur
1063 4361 1200 4428 iudignum
1213 4359 1364 4430 judicatum
1379 4362 1411 4415 ad
1426 4361 1594 4430 loquendum
1606 4362 1718 4418 abbati·
1729 4352 1899 4431 juotuo'·

217 4442 252 4497 ad
266 4449 380 4512 petram,
393 4454 473 4510 quam
488 4439 624 4494 nascendo
640 4456 687 4509 per
710 4442 827 4511 linguam
843 4455 949 4499 crescat
973 4446 1007 4500 ad
1062 4451 1192 4506 autforte
1213 4453 1246 4505 ad
1271 4453 1459 4522 probationem
1483 4453 1651 4509 trireuieudae
1676 4448 1901 4511 unalteri!

218 4545 334 4602 paenam.
350 4529 401 4584 biii
419 4545 483 4585 uero
497 4530 565 4584 rami
583 4532 706 4600 eorporis
724 4536 820 4600 nostri,
832 4535 879 4602 qni
894 4535 1008 4606 imperio
1063 4551 1139 4612 putet
1152 4543 1203 4597 sihi
1224 4543 1372 4613 discipulus
1396 4545 1586 4600 taciturnitatis
1612 4545 1675 4601 ideo
1695 4542 1781 4602 fuisse
1800 4532 1901 4601 ιθ

217 4623 307 4679 cordis
325 4623 643 4691 deserviunt‚apeccato
660 4622 739 4677 facile
765 4623 953 4691 refrenantur;
981 4626 1008 4681 id
1063 4645 1183 4704 aperiam
1199 4636 1359 4692 clausuram,
1375 4636 1438 4693 ideo
1457 4637 1529 4692 enim
1545 4638 1630 4708 im
1647 4608 1901 4694 „tamma

216 4725 267 4778 esi,
283 4722 370 4769 iatius
382 4728 508 4768 munuum
522 4749 530 4776 ,
546 4719 574 4767 ei
589 4726 696 4781 gressus
711 4713 809 4784 petilini
824 4733 829 4767 ἱ
843 4717 905 4784 quia
921 4716 1006 4772 iurem
1062 4728 1179 4782 ctionem
1192 4726 1281 4782 denno
1294 4727 1410 4783 digimug
1425 4740 1570 4799 tegmem
1595 4736 1625 4783 ug
1644 4742 1708 4785 cum
1719 4728 1781 4785 wi·
1793 4704 1901 4785 α,

219 4802 341 4859 clausura
358 4814 479 4872 catena,
499 4813 527 4858 ct
548 4803 711 4858 homicidam
734 4805 852 4860 timenda
873 4806 1009 4862 refrenant
1063 4826 1090 4872 eg
1103 4817 1162 4872 ,ine
1176 4818 1229 4872 atio
1242 4817 1360 4885 eloquio,
1373 4828 1462 4873 aarum
1479 4827 1617 4873 „servm
1628 4818 1675 4874 qiu
1686 4804 1901 4875 ueremni

216 4896 327 4965 judicia,
341 4904 369 4950 et
381 4895 503 4966 fugacem
516 4895 614 4950 retinet
629 4895 732 4965 pedica.
746 4895 817 4965 Ergo
828 4897 954 4968 illaque
965 4915 1009 4954 su·
1062 4916 1333 4963 conserpentinorum
1362 4910 1453 4963 denuo
1475 4909 1618 4978 raporum,
1634 4918 1664 4963 ea
1688 4916 1754 4979 pue
1771 4902 1901 4982 μμ·

219 4991 308 5062 perius
321 4988 447 5052 diximus,
463 4990 514 5042 tria
528 5003 656 5058 suprema
669 4989 778 5043 cautius
792 4989 893 5042 dehent
915 5005 930 5043 a
956 4990 1010 5044 fra-
1063 5012 1125 5053 mox
1141 5013 1157 5051 a
1172 4997 1281 5052 notente
1293 4998 1452 5063 disceditur,
1471 4998 1560 5054 aitque
1574 4999 1732 5054 nummi
1743 4980 1901 5071 pm!

219 5081 304 5137 tribua
330 5077 425 5134 custod
436 5079 477 5133 ri:
494 5078 520 5132 id
545 5086 604 5144 est,
632 5079 775 5146 cogitatio,
799 5077 934 5147 cloquium
948 5121 955 5145 ,
982 5088 1010 5134 et
1063 5088 1200 5145 humilius
1213 5090 1355 5144 penitaque,
1364 5091 1423 5144 [uon
1434 5089 1496 5145 qd«,
1510 5090 1637 5159 ηραῑιῑο
1648 5080 1901 5161 4520]qu

219 5182 354 5244 aspectus.
382 5168 536 5239 Cogitatio,
561 5176 590 5223 ut
604 5182 666 5223 mox
688 5168 868 5239 captivaverit
891 5179 1007 5225 mentem
1064 5180 1148 5236 fertur
1171 5181 1322 5250 magistro,
1344 5188 1376 5235 ut
1389 5195 1445 5236 nan
1458 5180 1548 5235 soluta
1571 5190 1684 5250 propter
1706 5166 1901 5252 spiriti!

219 5266 288 5321 ruala
303 5262 554 5334 cogitatio,signata
568 5260 658 5315 statim
672 5260 823 5316 afratribus
836 5277 884 5316 sua
899 5261 1007 5328 fronte,
1064 5270 1252 5341 probauerunt
1262 5268 1297 5323 ad
1311 5269 1501 5325 inveniendam
1519 5270 1700 5326 humilium
1709 5268 1885 5341 Μμν

219 5355 362 5426 vellprum
380 5362 495 5425 pectus,
521 5366 586 5406 anax
599 5365 632 5405 ac
653 5360 787 5422 praecepta
808 5351 908 5408 Christi
934 5368 1011 5407 suam
1063 5362 1115 5419 οιαὶ
1139 5362 1225 5432 possit
1239 5371 1330 5418 racem
1349 5361 1494 5430 pugium„
1506 5362 1554 5419 gen
1579 5370 1657 5416 riam
1677 5342 1901 5433 corpu-ted

219 5456 360 5505 convertat
370 5447 539 5512 anemurium,
553 5453 582 5500 et
593 5445 666 5500 dicat
687 5444 739 5501 sihi
763 5444 846 5500 frater
859 5461 921 5501 carm
946 5445 1010 5500 Pru·
1063 5469 1111 5524 par
1124 5461 1270 5521 cogitatum
1285 5453 1376 5506 animo
1387 5459 1549 5521 occupatus,
1564 5452 1653 5506 vultus
1664 5451 1727 5523 eg'as
1737 5451 1802 5507 aliia
1812 5450 1897 5507 er

220 5544 300 5610 pheta
313 5540 475 5612 :ffmnorsni
487 5538 545 5604 liei,
557 5539 733 5594 etconaulutns
747 5555 804 5593 aum
820 5539 902 5609 (faoi.
914 5546 1009 5611 cantii.
1062 5542 1450 5615 gitatiouibusohstupeseens,
1463 5556 1557 5597 romu
1577 5541 1715 5611 pretam
1733 5528 1877 5612 ffl'teip'

221 5632 253 5686 Et
266 5633 335 5689 idem
347 5634 419 5690 dieat
431 5649 439 5689 ε
453 5632 474 5687 Α
486 5634 613 5696 leeripiar
626 5648 641 5685 a
653 5633 801 5699 natatione,
813 5641 837 5686 et
847 5631 873 5688 iu
885 5630 940 5688 Deo
955 5650 1009 5689 ntea
1061 5634 1150 5692 surdis
1164 5633 1273 5689 auribus
1287 5629 1474 5702 praetermittat
1487 5646 1494 5695 ;
1508 5640 1537 5686 et
1554 5646 1590 5687 ne
1600 5632 1688 5702 ιμιιιι
1698 5630 1862 5700 nacitur!
