3810 6128
136 308 205 363 1035
798 309 967 367 auctorite·
986 311 1122 368 lucilli!
1707 322 1775 384 tur

133 431 253 473 servare.
279 417 346 473 Cum
368 429 432 473 tero
446 415 490 470 ille
503 415 611 482 dixerit,
627 430 706 486 posse
731 415 763 471 ad
785 420 876 473 orrrrria
898 435 928 476 se
943 428 965 482 Α
980 438 1079 480 careus
1093 439 1176 480 manu
1190 440 1240 481 sua
1255 428 1377 497 priusde
1399 431 1560 500 stabilitate,
1582 432 1663 489 simul
1685 449 1775 491 rerum

134 509 257 574 obedire,
273 517 336 563 tuuc
350 507 407 562 baee
428 507 692 578 nronasteriiregula
705 509 856 579 allegatur.
869 513 930 577 Qua
981 527 1090 569 suarum
1106 514 1189 570 breue
1209 515 1347 585 adjuncto,
1363 534 1492 576 unacum
1507 520 1658 577 animasua
1679 522 1736 578 beo
1749 535 1775 580 et

134 599 259 667 rrrguluin
272 597 930 670 lectioneexpleta,etomuiaabbatisverbispue·
981 607 1102 663 oratorio
1117 609 1272 665 monasterii
1290 624 1341 680 per
1359 611 1535 669 donationem
1555 611 1673 681 offerat;
1689 622 1773 671 toturn

134 688 217 752 dicta,
230 702 292 742 eum
304 687 473 756 responderit
483 687 661 743 novuslrater
671 688 705 743 ad
715 690 805 743 omnia
817 689 931 746 lactose
981 696 1360 771 subscribentibusreligiosis
1380 703 1512 770 testibus,
1537 704 1686 775 episeopo,
1709 720 1775 777 pre·

98 841 101 847 ¹
133 793 194 836 esse
205 788 338 849 paratum,
350 778 507 833 tuneabbas
518 779 706 848 subsequatur,
719 779 931 846 erutriceum
981 788 1091 860 sbytero
1105 798 1134 845 et
1146 791 1273 859 diacone,
1289 793 1332 849 rel
1346 794 1431 865 ipsius
1451 795 1581 852 territorii
1596 797 1772 865 clero;etia

134 869 258 924 derebus
270 869 333 931 tuis,
347 883 415 938 quas
428 869 540 939 proprio
548 869 660 924 arbitrio
672 870 774 926 uterisi
789 869 848 925 Nou
859 871 931 927 eninr
981 880 1038 949 ipsa
1053 882 1191 948 cautione,
1208 891 1305 941 uraris
1319 886 1379 952 boe,
1394 886 1503 957 quodsi
1517 888 1666 959 aliquando
1680 906 1771 947 mog..

134 962 184 1015 tibi
197 961 316 1031 expedit,
329 969 357 1016 te
368 961 411 1017 bie
422 976 472 1031 pro
483 976 564 1016 eausa
577 960 623 1015 bet
635 961 723 1030 posito
735 975 779 1017 res
795 969 854 1017 tuas
867 962 930 1018 alibi
980 971 1064 1026 sterio
1078 972 1217 1031 discedere
1230 976 1354 1041 voluerit,
1369 978 1427 1033 sine
1445 980 1526 1035 rebus
1545 980 1603 1035 suls
1620 982 1656 1038 de
1676 997 1768 1039 moga.

133 1066 293 1115 remanere;
308 1052 356 1106 sed
369 1052 438 1106 sieut
447 1051 511 1105 dicit
527 1050 665 1119 Scriptura
680 1068 687 1104 ε
704 1049 754 1105 tltt
768 1060 806 1106 ert
822 1051 929 1106 tiresurt·
981 1061 1076 1125 sterio,
1093 1064 1135 1118 pel
1149 1064 1208 1120 sine
1222 1066 1387 1137 jngupgpmpa
1399 1081 1572 1140 „magorum
1588 1086 1603 1126 2
1618 1071 1772 1131 poogffl,

135 1158 180 1200 ιιι
193 1153 263 1209 turra,
277 1143 311 1196 ibi
326 1160 347 1196 er
356 1143 374 1196 it
389 1154 412 1196 et
426 1156 471 1197 cor
485 1151 557 1196 tuum
573 1140 684 1212 lllottlr.
699 1143 767 1211 ιιι).
787 1145 854 1198 llam
869 1144 930 1200 ideo
982 1149 1040 1207 dut.
1055 1151 1115 1208 laur
1131 1154 1165 1209 de
1179 1156 1244 1226 ipsis
1256 1145 1338 1214 rebus
1352 1160 1436 1216 abbas
1456 1161 1483 1215 iu
1497 1169 1634 1232 potestate
1651 1178 1701 1219 sua
1713 1180 1772 1221 mn·

135 1247 193 1288 tion
207 1233 326 1303 expedit,
341 1248 375 1287 ne
389 1232 459 1287 t'nrte
473 1232 626 1289 titillatione
639 1232 765 1290 diabelia
778 1234 859 1290 rebus
875 1234 929 1290 tuis
982 1243 1045 1298 tatis
1056 1245 1187 1317 quidquid
1199 1251 1359 1306 necessarie
1374 1252 1484 1308 utilitati
1497 1257 1659 1311 monasterii
1677 1272 1771 1329 supa.

134 1325 201 1382 loris
223 1325 318 1395 positia
341 1339 390 1393 per
411 1322 575 1378 desiderium
596 1338 690 1378 earum
709 1323 744 1380 de
766 1324 931 1381 monaslerio
981 1349 1097 1390 taetrum
1119 1338 1258 1395 abundare
1277 1341 1384 1409 vileris,
1400 1358 1449 1413 pro
1463 1344 1551 1402 anima
1566 1346 1663 1403 iratris
1680 1349 1772 1418 ipsius,

136 1415 303 1487 provoceris,
315 1425 354 1480 et,
369 1415 464 1470 relicto
475 1415 691 1470 servitiosanctae
700 1413 811 1482 schulze,
820 1416 930 1487 proprio
981 1433 1264 1498 proprerprreceptum
1278 1432 1462 1500 supradictum
1472 1435 1604 1505 sequendi
1616 1436 1772 1510 bominum

136 1508 232 1562 redeas
248 1507 411 1560 militaturus
421 1505 550 1571 arbitrio;
566 1512 594 1561 et
606 1506 676 1560 sieut
686 1504 929 1573 canisde'eeratur,
981 1527 1031 1583 per
1044 1514 1243 1588 eleemosynam
1264 1520 1397 1578 dictracta
1411 1523 1456 1578 illa
1471 1539 1501 1580 re
1517 1540 1699 1596 supervacua,
1712 1547 1772 1601 pre.

136 1600 234 1656 redeas
252 1601 284 1653 ad
308 1598 436 1652 uomitum
453 1608 537 1662 tuum,
553 1607 580 1653 et
594 1598 722 1653 salivasa
747 1609 774 1655 te
794 1600 932 1671 projectas
983 1604 1048 1660 tium
1063 1605 1122 1676 ejus
1136 1613 1300 1679 pauperibus
1311 1613 1432 1670 tribuatt
1449 1623 1478 1671 ut
1488 1619 1560 1686 quod
1576 1619 1623 1676 iile
1636 1622 1773 1692 imperitus

136 1693 164 1747 in
185 1701 282 1747 terram
298 1691 388 1746 derruo
408 1707 469 1747 eum
492 1691 619 1748 sordibus
641 1694 793 1752 resorbeas.
807 1695 861 1752 Sed
882 1697 930 1769 qui
981 1691 1130 1753 steterumt
1144 1701 1243 1756 meruit
1266 1700 1367 1767 iacere.
1383 1721 1433 1774 pro
1449 1706 1495 1762 illo
1510 1707 1561 1764 iste
1578 1712 1660 1778 quasi
1682 1714 1771 1770 doctu

134 1788 364 1859 perseverantiam
386 1784 483 1855 diligit,
497 1795 526 1841 et
539 1787 711 1844 occasionem
724 1790 857 1860 migrandi
878 1807 929 1848 cu.
946 1783 967 1842 li
982 1785 1109 1854 magister
1130 1789 1220 1846 valcat
1243 1791 1402 1864 adirrrplere.
1417 1795 1469 1862 Qui
1482 1812 1547 1853 tero
1567 1798 1655 1856 irater
1669 1817 1704 1858 ex
1716 1811 1770 1859 toto

136 1880 175 1949 pit
187 1877 291 1933 nescire
307 1894 312 1930 :
326 1876 442 1946 ideoque
452 1876 642 1933 constituimus
656 1878 765 1935 salubre
775 1880 928 1950 consilinm,
981 1876 1142 1936 indicaverit
1155 1897 1185 1938 te
1205 1884 1272 1939 nibil
1287 1885 1396 1953 habere.
1414 1890 1489 1958 britti
1502 1892 1666 1959 exquiratur
1683 1895 1770 1952 aviti·

136 1970 368 2024 utaudiasvocern
381 1968 487 2023 Domini
495 1969 541 2024 tibi
552 1967 666 2025 dicentis
677 1987 685 2025 r
696 1970 778 2038 Vade,
787 1973 866 2028 acarde
874 1990 931 2030 om·
981 1972 1022 2027 nis
1034 1973 1106 2029 illius
1119 1976 1246 2045 regionis,
1262 1978 1307 2033 ubi
1320 1980 1420 2035 mansit
1433 1996 1440 2034 :
1453 1982 1515 2037 etsi
1529 1983 1674 2041 inuentum
1687 1986 1769 2055 luerit,

135 2064 187 2128 ario,
203 2060 272 2116 etde
285 2059 562 2132 paupertimeroeat,
577 2076 681 2130 aequm
691 2078 731 2116 me
742 2061 850 2133 (liutai.
861 2064 929 2136 arr).
980 2063 1050 2131 quod
1065 2073 1140 2120 certe
1154 2065 1189 2120 sit
1203 2081 1236 2120 er
1252 2074 1309 2122 toto
1320 2067 1379 2137 ejus
1393 2078 1548 2140 paupertas,
1561 2079 1628 2128 tunc
1641 2074 1708 2132 dato
1718 2093 1770 2146 per·

137 2152 223 2218 Quam
235 2165 302 2220 ergo
314 2151 336 2205 si
351 2151 428 2219 sequi
444 2150 484 2205 vis
497 2164 604 2211 vocem,
618 2152 867 2223 tartareumque
881 2154 930 2210 ba·
981 2157 1142 2211 severantia
1155 2156 1316 2226 lldcp'ussore
1335 2158 1385 2213 sub
1400 2161 1526 2217 cautione
1549 2177 1638 2229 roencc
1659 2166 1770 2237 iraterpo-

134 2246 193 2311 bcs,
208 2253 236 2298 et
246 2259 326 2298 onrrre
341 2243 456 2312 pretinm
470 2242 523 2298 bue
538 2251 601 2298 aute
615 2258 659 2299 me
672 2244 761 2312 deler3
777 2253 807 2300 nt
821 2254 847 2301 te
859 2260 930 2315 prae·
979 2245 1043 2313 sita,
1058 2247 1081 2302 si
1103 2259 1192 2304 tamen
1205 2248 1260 2319 jani
1275 2259 1356 2305 notus
1370 2249 1460 2317 luerit,
1481 2253 1520 2308 sie
1534 2252 1617 2309 debet
1638 2257 1666 2310 in
1683 2274 1772 2312 morra·

134 2343 212 2390 sente
226 2349 241 2388 a
255 2348 299 2389 me
313 2333 477 2404 pauperibus
491 2343 619 2402 erogetur
633 2350 640 2387 :
654 2342 685 2389 ut
708 2334 810 2391 nullum
830 2335 929 2393 saeculo
981 2338 1065 2392 sterio
1078 2339 1189 2410 suscipi,
1205 2355 1239 2394 nu
1253 2337 1321 2395 lorte
1335 2339 1469 2410 aliquibus
1484 2342 1566 2400 rebus
1581 2346 1640 2401 suis
1653 2349 1688 2401 ad
1708 2357 1769 2402 tem·

134 2431 231 2504 pignus
246 2439 320 2484 tuum
343 2428 540 2495 reclarescat
556 2428 621 2483 illud
645 2430 743 2485 iterun
764 2431 927 2488 revertendi.
981 2441 1032 2496 pus
1047 2425 1113 2482 loris
1126 2429 1333 2493 commendatis,
1350 2433 1461 2486 mentita
1477 2432 1504 2488 iu
1519 2439 1688 2493 nronasterio
1708 2453 1763 2509 pau-

133 2521 197 2579 ldeo
212 2523 282 2579 enim
304 2536 366 2577 eum
380 2521 500 2576 nondum
521 2520 609 2576 adlruc
627 2520 760 2577 lirmatarn
781 2522 928 2593 ingressio·
979 2527 1094 2589 pertale,
1108 2537 1162 2576 non
1177 2521 1264 2577 solum
1280 2518 1345 2576 nibil
1361 2522 1417 2579 lieo
1432 2539 1480 2594 per
1493 2524 1709 2600 eleemosynam.
1725 2531 1763 2584 vel

135 2629 197 2671 nem
220 2621 294 2668 tuam
310 2612 337 2667 in
359 2611 526 2668 monasterio
540 2612 634 2680 lrabes,
650 2612 698 2666 tibi
719 2612 855 2669 derebus
876 2613 930 2669 tuis
979 2612 1144 2669 monasterio
1159 2629 1207 2683 per
1228 2614 1404 2671 donatiouem
1419 2620 1557 2682 conterat:
1582 2619 1631 2676 sed
1652 2621 1733 2677 etiam
1753 2638 1767 2674 a

135 2706 221 2761 libera
235 2703 324 2758 adhue
337 2701 462 2758 voluutas
482 2700 641 2757 conceditur
656 2718 664 2755 :
682 2703 746 2771 quia
759 2710 821 2772 post
834 2703 926 2759 irrina·
978 2703 1164 2772 spectantibus
1177 2703 1233 2759 suis
1246 2713 1420 2774 provocatus,
1435 2716 1463 2762 et
1477 2723 1537 2763 cum
1550 2709 1617 2778 quid
1638 2709 1767 2766 irrreuerit

134 2809 187 2854 tam
211 2797 405 2867 ingressionem
420 2795 552 2866 discipulo
566 2794 624 2851 sire
637 2796 665 2849 in
680 2796 855 2863 monasterio,
870 2796 928 2852 sire
979 2807 1077 2859 causae,
1092 2803 1182 2850 exeat.
1199 2793 1265 2849 Nam
1280 2811 1342 2852 cum
1364 2797 1470 2854 dederit
1483 2809 1580 2857 cautos
1598 2798 1767 2871 fidejussores

135 2891 201 2946 loris
214 2890 352 2961 peculiare
366 2888 468 2959 aliquid
490 2888 591 2944 babere
612 2887 733 2958 aregula
752 2886 927 2958 denegatur:
978 2898 1039 2938 curu
1057 2898 1147 2954 paena,
1160 2883 1216 2956 jam
1231 2895 1296 2943 tunc
1307 2885 1416 2943 demum
1437 2888 1462 2944 ei
1485 2904 1536 2961 pro
1550 2891 1658 2949 actibus
1677 2907 1767 2948 mana·

135 2992 164 3039 ut
178 2997 232 3040 non
246 2983 281 3037 sit
291 2981 336 3037 nbi
346 2981 454 3052 propria
468 2980 527 3049 ejus
540 2981 663 3036 uoluntas
677 2981 834 3037 extollatur.
849 2980 928 3049 Quod
979 2975 1054 3030 sterii
1067 2975 1126 3031 sine
1140 2977 1295 3048 suspicione
1309 2993 1405 3037 secure
1419 2995 1463 3036 res
1477 2983 1636 3038 rnonasterii
1649 2997 1697 3039 aut
1711 3001 1766 3056 pre·

133 3075 206 3130 eninr
221 3073 245 3130 si
261 3081 346 3129 totum
366 3072 517 3127 distrahere
531 3072 578 3127 tibi
594 3086 676 3142 grave
689 3073 804 3138 ridetur,
820 3082 847 3130 et
863 3081 927 3130 sunt
979 3064 1014 3119 tia
1028 3067 1214 3132 emendorum,
1226 3068 1269 3124 rel
1284 3077 1454 3126 recturaruur
1467 3071 1593 3129 alimonia
1605 3079 1764 3130 contra-lau·

135 3169 203 3222 tales
216 3181 271 3234 res,
286 3179 347 3234 quae
359 3177 412 3218 una
426 3170 515 3218 tecum
530 3163 638 3233 puniat
655 3165 820 3221 monasterio
833 3165 926 3221 deser.
941 3147 964 3212 C
980 3165 1033 3213 tur.
1048 3157 1076 3213 Si
1089 3173 1155 3214 nero
1169 3159 1230 3215 talla
1244 3162 1411 3218 monasterio
1423 3162 1562 3219 advenerit
1580 3164 1676 3230 irater,
1691 3181 1763 3236 quau

134 3258 199 3324 rire,
224 3268 257 3309 ue
273 3261 363 3308 tamen
387 3244 436 3322 pro
458 3250 569 3321 pignore
588 3254 739 3308 revertendi
762 3254 862 3311 saeculo
882 3253 924 3310 di·
978 3246 1036 3316 ipsa
1054 3248 1140 3319 patria
1155 3249 1328 3318 ignoraverit,
1343 3251 1763 3313 retonnibusbabaeritrutrm

133 3349 286 3416 mittantur,
300 3345 391 3400 omitia
406 3344 521 3400 lldeliter
532 3352 620 3401 tecum
634 3345 661 3401 in
674 3348 866 3404 monasterium
877 3348 928 3405 da-
978 3339 1112 3410 ignotum,
1127 3350 1154 3397 el
1169 3356 1199 3397 se
1214 3340 1248 3397 ad
1260 3343 1416 3399 mottasterii
1430 3345 1588 3401 soeietnem
1603 3344 1711 3402 firmare
1721 3360 1761 3402 aa

132 3439 183 3504 ier,
206 3437 272 3492 nibil
291 3433 457 3491 subcelando
481 3434 549 3501 lieo,
573 3435 651 3505 cujus
673 3444 701 3492 te
715 3451 778 3492 cura
800 3437 926 3494 omnibus
978 3432 1068 3497 luerit,
1084 3433 1140 3489 solt
1154 3435 1316 3491 velamenti
1331 3434 1397 3493 sides
1409 3437 1444 3492 ΙΙ)
1458 3451 1492 3494 0⁰
1510 3449 1688 3509 ²¹l⁰⁸ffl¹¹rt
1704 3438 1758 3494 “1⁸⁵

133 3530 214 3586 rebus
228 3527 281 3582 tuis
294 3525 387 3581 subdis
399 3524 510 3580 seruitio
527 3540 534 3579 :
549 3526 596 3595 qui
611 3525 709 3596 ubique
724 3526 817 3582 ornuia
839 3526 924 3597 respi-
977 3524 1126 3595 aliquando
1140 3525 1175 3582 de
1188 3527 1353 3584 monasterio
1367 3528 1442 3585 arira
1452 3529 1581 3599 voluerit,
1598 3546 1661 3586 curn
1675 3531 1757 3586 notim

132 3621 169 3676 cit
182 3627 209 3674 et
231 3616 298 3673 nilril
316 3624 360 3672 est
381 3615 407 3672 ei
421 3616 571 3682 occultum,
592 3616 639 3686 qui
662 3617 765 3673 revelat
779 3618 921 3675 absconsa.
977 3617 1081 3673 abbat‘s
1097 3616 1138 3673 vei
1152 3618 1272 3674 omniunt
1287 3628 1376 3675 exeat.
1392 3618 1427 3675 iit
1438 3636 1500 3677 cum
1511 3621 1568 3692 jam
1584 3625 1661 3679 exire
1674 3623 1755 3679 soloe·

132 3710 235 3765 llomnr
246 3718 306 3763 esto
319 3706 422 3762 fraudis
436 3707 547 3762 suamc
560 3716 587 3762 et
597 3707 727 3779 Sopbire,
742 3708 789 3778 oui
799 3707 833 3764 de
846 3709 926 3768 rebus
977 3706 1023 3772 rit,
1043 3707 1119 3778 prius
1129 3708 1203 3778 iuret
1226 3723 1257 3765 sa
1270 3708 1304 3766 de
1322 3711 1403 3766 rebus
1424 3711 1585 3768 monasterii
1608 3713 1683 3768 nulla
1704 3710 1755 3768 luri

131 3803 188 3857 suis
201 3800 258 3856 lieo
270 3796 369 3855 oblatis
384 3799 483 3855 exinde
501 3797 643 3855 subcelare
656 3798 788 3867 volentes,
809 3807 924 3856 mortem
976 3797 1177 3867 commissione,
1189 3808 1236 3856 aut
1248 3798 1313 3856 loris
1326 3809 1482 3859 antecessus
1492 3807 1706 3868 commendasse,
1719 3812 1755 3860 aa:

131 3901 290 3965 perpetuam
303 3892 438 3947 irruenrrrt
456 3904 505 3962 pro
520 3890 583 3948 tide.
608 3890 671 3947 lior
690 3901 720 3946 ut
740 3892 798 3948 tuso
810 3893 926 3950 audieris
976 3887 1108 3944 absconse
1129 3903 1220 3944 secum
1244 3901 1378 3960 portasse,
1394 3891 1445 3947 nisi
1459 3890 1530 3949 laute
1543 3892 1569 3949 ei
1588 3910 1640 3967 pro
1663 3893 1756 3950 miseri·

131 3999 218 4041 riorus
231 3983 326 4052 trater,
335 3983 380 4054 qui
389 3982 472 4054 priori
482 3982 574 4038 divina
587 3983 721 4038 sententia
730 3984 856 4039 omuibus
867 3983 923 4039 dis·
975 3977 1067 4034 corle
1083 3979 1198 4034 voluerit
1211 3979 1313 4051 aliquid
1328 3980 1431 4038 donare
1444 3983 1529 4038 abbas
1542 3998 1550 4038 ι
1564 3984 1628 4040 utsi
1644 3983 1761 4056 periura-

85 4087 87 4090 ’
133 4079 237 4145 tractis,
258 4084 286 4131 et
300 4090 347 4147 per
366 4089 462 4130 manus
484 4075 591 4130 abbatis
609 4075 739 4145 erogetis,
754 4075 777 4130 si
798 4075 852 4131 boc
874 4090 924 4147 pro
974 4069 1054 4133 verit,
1069 4069 1138 4126 ierat
1162 4072 1188 4127 in
1211 4074 1301 4129 anima
1325 4074 1396 4144 quod
1412 4075 1439 4135 lu
1466 4090 1584 4146 corpora
1603 4091 1658 4131 nou
1682 4072 1767 4146 paruit

130 4184 205 4231 egero
220 4171 344 4228 habuerit
357 4178 450 4226 vortam
463 4171 556 4226 omnia
569 4169 730 4236 aetnam,
743 4178 769 4224 er
787 4178 924 4225 monasio.
974 4158 1132 4232 adimplere.
1148 4159 1202 4217 lies
1217 4169 1307 4218 tamen
1324 4163 1422 4232 quibus
1437 4163 1546 4220 indutas
1567 4161 1657 4221 luerat
1673 4177 1781 4220 mnne*

130 4265 239 4319 rinnon
255 4263 357 4332 aliquid
372 4274 523 4325 reservare,
543 4275 598 4315 nnn
613 4268 735 4330 cogatur,
759 4261 809 4315 nisi
824 4274 860 4314 οι
873 4275 923 4315 aaa
974 4250 1048 4304 sterit
1064 4251 1104 4306 rel
1118 4252 1300 4308 calceamenta
1322 4255 1494 4324 reconsignet
1507 4253 1615 4320 abbati;
1632 4265 1661 4309 ut
1675 4267 1793 4310 κων

130 4353 270 4410 voluntate
292 4351 417 4406 uoluerit.
442 4348 512 4419 lirgn
529 4364 593 4405 cum
614 4350 743 4427 omutbm
757 4364 807 4419 per
827 4364 923 4404 manns
974 4339 1048 4393 trcuti
1063 4340 1090 4393 in
1103 4343 1304 4411 perseuerantia
1319 4343 1395 4399 lratri
1408 4344 1561 4416 proliciunt,
1578 4360 1638 4417 quse
1651 4346 1808 4416 migrarr

130 4444 234 4499 abbatis
249 4441 366 4512 erogatis
380 4441 419 4498 sic
432 4455 463 4498 se
478 4440 587 4495 ilrmare
607 4439 772 4495 monasterio
794 4439 918 4504 uoluerit,
975 4432 1046 4488 tibus
1059 4436 1227 4502 aul'eruutur;
1238 4445 1267 4493 et
1280 4454 1323 4494 res
1333 4441 1489 4507 utonasterii
1505 4440 1579 4511 juste
1593 4443 1639 4500 ille
1653 4443 1782 4500 nabet-

131 4539 222 4592 fflfflpa
237 4533 318 4589 abw
333 4533 541 4603 penggepamiae
554 4547 608 4586 ῃοῃ
620 4531 812 4603 Ιηηωῆᾳῃὶῃ
825 4532 921 4602 pissiliss
937 4512 1019 4593 oqui
1032 4525 1059 4580 lii
1081 4528 1246 4584 monasterio
1268 4529 1387 4599 hdbilass
1408 4540 1437 4587 θῐ
1452 4532 1526 4601 jubifl
1546 4531 1586 4588 rllt
1610 4534 1808 4590 remisisti?

131 4624 190 4680 lidei
204 4623 273 4694 apud
287 4622 370 4677 Deum
389 4622 509 4677 onninrn
523 4636 613 4677 rerum
632 4637 745 4677 marum
759 4638 808 4694 per
821 4637 920 4694 eroga·
974 4617 1019 4686 out
1035 4617 1135 4687 injuste
1148 4621 1254 4677 animos
1267 4637 1360 4679 suosa
1383 4626 1584 4694 perseuerantia
1604 4611 1808 4681 manasterfi

131 4720 185 4768 tam
199 4715 399 4783 eleemosynam
414 4710 472 4768 luit.
487 4713 551 4766 iiam
567 4727 737 4783 peromnem
752 4728 841 4767 rerum
857 4728 920 4768 sua·
972 4718 1100 4777 separat:
1115 4724 1165 4765 nee
1188 4711 1258 4766 eninr
1278 4712 1317 4767 itti
1337 4712 1403 4769 dare
1425 4713 1559 4784 placeant,
1576 4716 1620 4770 cai
1643 4714 1808 4786 ipsarafl

128 4821 190 4860 rura
203 4805 386 4872 caligationem
401 4818 545 4874 expensam
557 4804 728 4873 cognoscitur
738 4803 809 4874 apud
821 4803 917 4867 Deum,
973 4813 1062 4854 rerum
1075 4800 1210 4870 displicuit
1224 4801 1375 4870 disciplina.
1390 4803 1418 4859 Si
1439 4819 1502 4858 tuero
1518 4805 1554 4859 ita
1573 4806 1747 4877 juraverint
1766 4808 1808 4841 ⁴²·

129 4907 209 4966 posse
224 4895 338 4949 tidelirer
352 4909 520 4964 permanere,
536 4895 581 4962 arri
597 4895 676 4950 rebus
688 4895 743 4949 suis
757 4910 808 4965 pro
822 4909 855 4950 en
868 4910 917 4950 cu·
972 4906 1024 4945 uun
1038 4905 1067 4945 se
1082 4889 1182 4959 lirmet,
1194 4890 1242 4946 sed
1256 4892 1288 4948 ad
1304 4889 1586 4964 tenpus'rcnoretnr,
1608 4898 1661 4953 boe
1674 4898 1746 4953 solun
1783 4900 1807 4913 ”

129 4991 169 5060 pit
182 5005 236 5044 non
258 5001 379 5057 parcere.
399 4985 575 5041 solummodo
596 4986 665 5041 banc
684 4985 731 5040 det
749 4982 838 5049 illem,
865 4987 918 5042 sibi
972 4990 1099 5049 testetur;
1115 4993 1145 5038 ut
1165 4985 1224 5041 sine
1243 4985 1339 5041 notitia
1368 4988 1409 5041 vel
1426 4987 1486 5042 vale
1499 4988 1616 5054 abbatis,
1638 4990 1681 5044 rel
1698 5005 1748 5045 cnu

129 5085 235 5155 panisus
254 5078 400 5135 lorlsnihil
422 5077 585 5133 remansisse
605 5079 733 5134 celatum.
757 5076 835 5135 ilaue
856 5078 918 5134 iden
970 5072 1214 5128 surtonouescat.
1242 5073 1329 5128 Etiana
1351 5078 1548 5146 cxlmprorisn
1578 5078 1808 5142 sustollatur,

129 5173 294 5229 uoluntatem
309 5169 392 5224 abbas
413 5167 629 5237 ingredientibus
650 5168 753 5234 tribuit,
769 5177 800 5224 ut
815 5183 868 5225 non
885 5170 919 5225 ab
970 5173 999 5220 et
1011 5165 1038 5220 in
1053 5172 1189 5236 potestate
1200 5165 1264 5221 uilril
1279 5165 1387 5233 babeat,
1403 5176 1432 5222 et
1445 5170 1479 5222 ad
1493 5167 1618 5224 laborem
1630 5175 1691 5225 duur
1705 5168 1796 5223 lrr‘

129 5261 326 5318 introeuntibus
336 5258 472 5328 judicetur
495 5257 584 5328 potius
602 5273 646 5313 res
658 5258 798 5313 bominum
811 5259 917 5315 deside·
972 5259 1055 5314 tribus
1068 5259 1249 5314 communiter
1268 5257 1442 5329 impellatur;
1459 5268 1489 5314 ut
1507 5259 1658 5316 laborando
1675 5262 1761 5314 rivae

129 5366 292 5421 rasennam
307 5349 421 5405 arrianas.
435 5347 487 5415 Qui
501 5361 566 5404 uero
576 5346 659 5403 irater
669 5347 722 5404 bec
733 5347 846 5417 elegerit
856 5364 917 5406 cum
969 5349 998 5404 Si
1013 5358 1102 5406 manen
1117 5349 1204 5406 nudus
1216 5349 1307 5416 luerit,
1320 5357 1349 5405 et
1361 5349 1472 5404 induere
1485 5363 1548 5405 aum
1563 5349 1648 5406 abbas
1664 5349 1763 5404 volne‘

129 5442 211 5497 relius
223 5440 276 5495 suis
290 5454 321 5495 se
334 5438 502 5495 monasterio
517 5436 636 5502 tradere.
651 5445 679 5493 et
691 5436 857 5494 distrahendi
869 5454 918 5494 ro·
969 5444 1015 5503 rit.
1031 5441 1063 5496 ad
1079 5448 1185 5511 tompus
1199 5449 1308 5506 utatur;
1321 5448 1350 5495 et
1361 5441 1439 5509 sciat,
1448 5455 1480 5497 ae
1493 5440 1566 5511 qaod
1581 5441 1665 5498 babet
1678 5455 1755 5495 omre

129 5529 259 5598 luptatern
275 5545 329 5586 non
341 5530 484 5597 babuerit;
500 5544 534 5587 ne
548 5529 848 5602 aliquandourutatusa
860 5532 917 5589 dia·
969 5533 1198 5602 reconsignatum,
1220 5548 1281 5588 auur
1306 5532 1382 5589 exire
1404 5531 1531 5587 ramerii.
1555 5531 1625 5588 Nam
1644 5534 1668 5588 si
1688 5531 1753 5587 forte

128 5617 192 5674 boto
207 5619 248 5674 rel
270 5627 398 5685 armatus,
421 5627 534 5689 propter
555 5633 598 5676 res
614 5633 679 5676 suas
699 5620 846 5691 exigendas
869 5621 916 5676 ali·
968 5641 1029 5682 cum
1043 5625 1179 5695 ingressus
1193 5625 1295 5680 nullum
1310 5624 1475 5682 monastario
1494 5625 1680 5696 juramentum
1701 5634 1752 5679 tra·

128 5720 197 5772 quas
211 5707 348 5762 cantemas
360 5707 525 5762 morrmterio
537 5720 671 5777 generans
682 5711 757 5766 caira
768 5711 916 5777 assideret.
968 5714 1079 5779 diderit,
1092 5723 1121 5771 et
1134 5714 1209 5783 relat
1220 5716 1329 5789 ignotus
1341 5715 1441 5773 sultam
1455 5727 1579 5777 catenam
1595 5718 1658 5777 ildei
1668 5721 1751 5774 abluo
