3810 6128
173 248 227 304 ata

733 253 898 309 etttsuun'tt
918 253 1077 309 ,tilttctttit
1098 251 1248 310 EPlSssthl

1750 256 1804 312 ild

172 370 260 418 utrum
289 364 341 418 siut
368 362 464 418 iratres
500 363 649 434 appellandi
678 379 712 418 an
743 365 818 420 uno?
843 365 996 430 babeantg
1012 375 1040 419 ιιι
1067 364 1140 421 nulla
1161 365 1299 436 religionis
1321 367 1472 423 reverentia
1486 367 1652 425 obscuritate
1670 367 1803 429 issemus.

171 463 265 525 postea
281 455 409 510 deiuntto
426 464 501 525 patre.
515 454 696 509 bereiseumlae
710 455 875 510 berctinus
890 471 958 511 cotv-

170 548 397 619 sortiunt,qnibus
409 547 522 601 tiliorum
537 561 633 602 nornen
647 549 818 615 regeneratio
833 548 960 618 spiritalis

170 640 289 694 creditur
302 639 550 709 abstulivselquod
569 654 629 694 cum
646 640 682 694 ita
704 642 806 696 sentiro
823 650 904 711 atque
914 643 960 710 jn·

170 732 261 786 dicare
277 731 422 786 absurdum
447 737 499 797 est,
522 746 583 802 qnae
603 731 726 801 (malurn)
749 733 820 787 ratio
842 742 884 788 est
908 732 959 789 boc

169 823 276 877 delendi
302 830 330 877 et
345 838 427 877 vacua
443 825 528 892 magis
549 825 677 894 opinione
688 825 796 893 iactari,
811 841 892 895 quarn
907 826 958 880 ali-

167 929 221 982 qua
235 915 394 970 auctoritaie
406 917 547 971 roborari?
561 916 628 972 Curru
642 933 696 972 nnn
711 921 796 988 pessit
810 919 881 973 iuter
893 933 957 989 pro

168 1011 228 1057 cata
249 1003 382 1073 deputari,
406 1005 478 1076 quud
504 1006 547 1062 ιιι
569 1009 705 1078 pracepit,
726 1016 753 1063 et
774 1008 845 1063 bens
856 1008 956 1078 iungit.

169 1093 291 1165 Nunquid
302 1096 324 1150 si
339 1100 399 1167 quis
423 1099 634 1155 catechumenus
648 1101 792 1156 virtutibus
813 1101 957 1171 studuerit,

171 1187 346 1246 bumilitatem
357 1193 564 1258 secantuslnerit,
576 1193 734 1264 patientiam
749 1194 876 1259 tenuerit,
886 1195 956 1250 elee-

168 1297 296 1353 mosynas
317 1282 422 1350 iecerit,
435 1287 516 1338 morti
542 1285 690 1340 destinatos
704 1286 825 1355 qualibet
852 1288 958 1343 ratione

168 1372 310 1442 eripuerit,
335 1375 468 1429 adulteria
494 1376 674 1441 calvorrucrit,
691 1379 844 1433 castitatem
864 1387 958 1433 tentic-

167 1463 213 1530 rit‚
226 1479 317 1533 quaero
330 1464 352 1517 si
369 1464 435 1528 lvaec,
449 1481 509 1520 cum
530 1465 616 1521 lactus
631 1466 710 1522 iucrit
726 1468 819 1534 lidelis,
837 1470 955 1523 amittit:

1012 458 1069 511 Nun
1084 458 1119 511 sit
1134 472 1201 511 vana
1212 457 1338 526 gloriatio
1349 458 1476 527 palliatis,
1492 458 1672 530 episcopalem
1687 476 1804 525 morem,

1010 547 1055 617 qui
1066 548 1186 618 episcopi
1200 555 1273 614 sunt,
1287 559 1444 617 sequautur.
1462 550 1565 613 Daniel,
1577 559 1608 606 ut
1620 550 1745 616 diximus,
1756 554 1804 623 qui

1010 640 1208 694 accusationem
1243 638 1389 710 pontillcali
1424 640 1531 697 innuere
1556 642 1743 712 sulvteringere
1772 659 1803 699 so

1010 748 1089 802 posse
1112 732 1234 796 credidit,
1249 743 1277 787 et
1291 732 1323 787 ad
1347 732 1481 802 lastigium
1505 742 1608 789 tamtum
1631 719 1802 792 accusatores

1009 837 1072 877 suns
1083 822 1191 877 latendo
1202 822 1360 892 pervenit,a
1375 823 1527 880 sanctitatis
1540 832 1635 880 reare
1644 833 1718 880 coelu
1733 826 1802 882 inte-

1008 917 1058 970 rim
1065 931 1095 972 se
1104 915 1446 986 noveritsegregatum,qui
1459 931 1489 972 se
1500 926 1594 973 nostro
1607 916 1800 987 judicio'debet

1008 1009 1134 1079 alqlcere,
1150 1009 1173 1064 si
1191 1008 1365 1064 conscientiae
1383 1024 1437 1062 suae
1458 1009 1534 1062 novit
1556 1008 1746 1064 confidentiam
1771 1025 1800 1065 sa

1008 1101 1140 1155 obtinere.
1170 1097 1342 1154 Massiliensis
1369 1113 1434 1153 vero
1465 1097 1586 1154 ecelesiae
1607 1097 1798 1163 sacerdotem,

1008 1193 1053 1262 qui
1075 1191 1173 1247 dicitur
1187 1189 1270 1260 (quod
1284 1187 1358 1244 dictu
1382 1187 1457 1243 aclas
1474 1196 1524 1255 esti
1541 1189 1569 1243 in
1596 1203 1691 1243 necem
1710 1188 1800 1244 fratris

1008 1283 1050 1338 sui
1076 1281 1164 1336 taliter
1180 1281 1349 1351 gratulatus:
1373 1287 1402 1334 ut
1422 1278 1495 1346 huie,
1519 1279 1566 1348 qui
1589 1280 1649 1348 eins
1669 1279 1799 1347 sanguino

1008 1381 1166 1430 cruentatus
1179 1371 1335 1436 advenerat,
1352 1371 1505 1441 portionem
1519 1385 1580 1426 cum
1601 1370 1699 1427 codem
1709 1381 1713 1417 ῑ
1723 1370 1801 1426 babi-

1009 1474 1096 1527 turus,
1104 1470 1260 1519 occurreret
1272 1480 1278 1514 ι
1292 1477 1325 1517 ex
1334 1469 1425 1517 vestro
1436 1475 1497 1516 eunt
1509 1459 1670 1515 audiendum
1685 1461 1800 1530 collegia

167 1553 230 1621 qnia
245 1568 293 1623 per
306 1553 469 1623 baptismum
485 1564 582 1622 totum,
598 1558 670 1626 quud
685 1567 760 1613 vetus
774 1561 856 1614 borno
870 1573 958 1629 gesse·
992 1555 1172 1625 delegamus.

166 1655 209 1698 rat
223 1653 333 1715 putatur
350 1644 467 1701 auferri?
486 1647 656 1716 Aspicinmus
670 1651 797 1717 gentilem
820 1652 955 1706 bominem
1046 1646 1086 1701 Εἰ
1098 1651 1192 1702 decret·
1204 1663 1281 1718 pupoe
1294 1645 1387 1716 leva,
1403 1646 1442 1699 iil·
1459 1644 1501 1699 ¹3·
1519 1644 1596 1699 Nulla
1610 1643 1681 1699 mio
1692 1642 1757 1699 ⁵5⁰5!
1770 1651 1799 1699 ot

166 1735 321 1791 Cornelium
333 1740 501 1794 orationibus
516 1748 598 1810 atquo
611 1741 789 1814 eleemosynis
801 1753 954 1810 vacantem,
972 1747 993 1807 Β
1008 1743 1077 1797 inter
1095 1742 1240 1812 episcopos
1259 1740 1418 1806 habeantur,
1434 1738 1480 1808 qui
1496 1752 1546 1793 nec
1569 1752 1584 1791 a
1607 1736 1715 1792 clericis
1736 1743 1797 1791 sant

127 1865 133 1885 ι
166 1841 214 1896 per
223 1826 413 1883 revelationem
423 1831 557 1898 angelum,
571 1830 735 1902 Petrumque
745 1835 832 1902 ipsum
844 1835 955 1901 sitiisse,
1007 1833 1098 1900 electi,
1112 1847 1163 1887 nec
1177 1846 1192 1885 a
1206 1830 1328 1901 plebibus
1345 1829 1469 1898 expetiti,
1486 1842 1536 1882 nec
1550 1842 1565 1883 a
1580 1826 1798 1898 comprovincia-

165 1919 283 1988 nuuquld
295 1934 342 1988 per
357 1919 521 1989 baptismum
532 1921 590 1977 lianc
604 1923 642 1976 illi
655 1924 744 1978 ablata
758 1931 827 1989 sulit,
845 1935 957 1995 propter

164 2028 224 2082 quat
239 2012 265 2067 ei
288 2012 452 2083 baptismum
476 2014 654 2069 videturesse
678 2018 858 2072 eotvccssum?
875 2016 955 2073 Silta

164 2104 291 2165 creditur.
307 2105 373 2160 milvi
396 2107 509 2173 caelite,
534 2124 587 2162 ιιοιι
610 2108 746 2162 nundinum
761 2117 877 2174 erratur,
891 2110 954 2178 qvia

163 2197 290 2268 quidquid
302 2197 396 2266 beneg
413 2208 484 2253 stunt
498 2199 587 2265 luerit,
602 2208 628 2254 et
638 2215 722 2255 secun
733 2204 786 2254 'unt
799 2199 877 2268 Legis
887 2216 955 2272 pra·

164 2300 242 2360 cepta
262 2293 426 2347 custoditum
450 2310 503 2348 nnn
518 2303 609 2364 potest
633 2295 795 2348 laetentibus
818 2295 951 2365 dpevire.

164 2379 321 2449 Nuptiarum
334 2396 398 2451 ergo
416 2383 511 2451 copula
524 2425 531 2449 ,
542 2384 603 2452 (piria
614 2382 659 2437 liei
671 2383 953 2453 rviarnlntnperliritnr,

164 2484 218 2523 non
232 2479 319 2538 potest
331 2469 383 2525 dici
396 2479 544 2541 peceatum,
560 2479 587 2525 et
597 2471 668 2540 qnod
682 2478 821 2541 peccatum
835 2487 888 2525 non
901 2478 952 2536 est,

162 2559 231 2614 solvi
242 2559 313 2614 int-er
325 2570 437 2630 peccata
453 2561 526 2616 credi
540 2563 652 2617 onmino
668 2578 720 2617 non
736 2561 816 2615 debet
829 2579 836 2626 ;
848 2561 954 2628 critque

164 2647 297 2717 integrum
317 2650 451 2704 aestimare
466 2652 566 2707 aboleri
583 2667 635 2706 nnn
650 2667 730 2722 posse
740 2652 839 2723 prioris
854 2665 952 2706 nornen

163 2742 266 2806 aroris,
283 2756 342 2794 cum
358 2757 411 2795 non
432 2741 570 2798 dimissum
585 2744 619 2797 sit
634 2759 682 2814 pvn
696 2752 818 2815 peccato,
833 2744 895 2812 quia
916 2759 949 2799 cx

164 2833 210 2889 ilei
221 2834 256 2889 sit
267 2835 403 2890 volumtate
415 2851 484 2906 cetri,
496 2837 588 2890 letuvn.

163 2947 323 3002 ccxxiiiv.
338 2946 568 3013 erorlnolentibna
593 2951 691 3003 ‹lei-:cis
720 2950 757 3002 nl
775 2961 875 3018 popurus
900 2963 951 3001 ιιοιι

198 3018 287 3072 debent
311 3021 444 3089 episeopus
466 3021 604 3080 ovrllnnri,·
626 3030 651 3072 ct
665 3018 733 3088 qnod
758 3019 839 3072 utilit
856 3020 897 3071 itis
918 3019 952 3070 sit

197 3089 403 3143 ordinationibus
416 3088 453 3141 ub.
463 3091 604 3142 tirteuuunt.
632 3135 636 3140 .

198 3201 239 3256 Ει
254 3202 271 3255 ιι
287 3204 363 3255 crutis
381 3219 457 3272 puple
482 3202 596 3263 Coelest..
612 3204 651 3255 tit.
673 3202 717 3256 18.
741 3202 833 3256 Nullus
859 3201 949 3256 invitis

163 3292 242 3348 detur
256 3291 415 3362 episcopus;
434 3292 509 3357 cleri,
532 3293 617 3362 plebis
633 3299 660 3347 et
674 3294 776 3348 ordinis
788 3308 948 3361 consensus,

162 3391 190 3437 et
203 3382 366 3437 desiderium
387 3384 549 3450 requiratur,
564 3391 627 3438 tunc
641 3383 710 3439 alter
721 3382 755 3438 de
771 3382 855 3438 altera
866 3383 950 3450 eliga-

163 3482 207 3528 tur
220 3473 344 3539 ecclesia,
356 3473 378 3528 si
390 3473 423 3528 de
436 3474 553 3529 civitatis
566 3474 648 3541 ipsius
659 3476 775 3540 clericis,
792 3476 835 3531 cul
845 3475 950 3545 episco-

163 3583 213 3638 pus
224 3575 266 3622 est
280 3567 455 3636 ordinandus,
470 3568 558 3623 nullus
572 3568 668 3639 dignus
679 3569 760 3640 (quod
775 3569 883 3624 evenire
894 3583 948 3623 ιιοιι

162 3663 307 3731 credimus)
324 3663 442 3732 potuerit
456 3662 580 3727 inveniri,
596 3661 710 3732 priunum
724 3661 795 3717 enim
809 3661 949 3732 illirepro-

162 3754 242 3808 bandi
256 3760 330 3821 sunt,
342 3761 371 3808 ut
382 3754 463 3822 aliqui
478 3751 513 3807 de
526 3753 620 3808 alienis
633 3752 755 3807 ecclesis
766 3752 863 3807 merito
878 3766 947 3822 prae-

160 3846 290 3900 ferantur.
307 3843 411 3899 ilabeat
431 3844 612 3912 unusquisqne
633 3858 689 3898 suaa
706 3842 823 3899 fructum
843 3842 947 3898 militiae

162 3938 188 3991 in
202 3936 327 4001 eeclesia,
343 3936 368 3990 in
384 3951 436 4004 qna
459 3950 506 3990 sua
524 3951 573 4006 per
599 3935 690 3990 omnia
714 3935 803 3990 oiticia
816 3935 946 4004 transegit

161 4039 277 4085 atatem.
291 4032 317 4083 ln
333 4029 419 4084 aliena
442 4029 574 4099 stipendia
601 4029 802 4084 minianeaitcr
821 4029 945 4099 ubrepat,

163 4135 214 4175 uec
228 4120 272 4174 alii
289 4121 405 4174 debitunt
420 4119 489 4173 alter
503 4121 552 4175 sibi
568 4120 666 4174 anilem
681 4120 825 4175 vendicare
839 4134 945 4175 merce·

160 4211 232 4264 dem.
256 4210 296 4265 Sit
319 4211 431 4266 incultas
455 4210 559 4265 clericis
577 4209 760 4277 cerlianensi
779 4225 809 4265 sc
831 4210 947 4265 viderint

160 4303 333 4372 praegravari,
348 4313 376 4358 et
389 4318 457 4374 qnos
471 4304 521 4358 sibi
537 4304 620 4373 ingeri
631 4318 664 4358 ex
676 4312 830 4359 transverso
844 4317 947 4371 cogno·

160 4485 310 4552 praemium.
327 4484 368 4538 vel
384 4484 497 4538 liberum
517 4483 551 4537 de
573 4497 616 4548 eu,
629 4484 675 4552 qui
688 4498 736 4538 cos
759 4492 880 4540 recturus
894 4491 945 4549 est,

160 4573 259 4629 debent
273 4574 373 4630 babere
385 4572 525 4644 indicium.

195 4663 238 4718 Ea
252 4664 284 4718 tle
299 4666 361 4719 retis
371 4667 444 4732 cuijus
462 4681 551 4735 supra,
567 4667 608 4719 tit.
623 4664 665 4720 tlt.
682 4665 855 4723 Abstinealur
866 4668 946 4722 etiaut

160 4755 193 4809 ab
209 4754 308 4810 inlicitis
328 4756 552 4823 ordinationibus,
577 4758 666 4813 nullus
691 4775 725 4814 ex
750 4759 835 4828 laicis,
860 4759 947 4814 nullus

158 4846 288 4914 digavvtus,
313 4846 400 4902 nullus
414 4848 460 4918 qui
482 4849 517 4904 sit
542 4850 627 4905 viduae
646 4851 767 4915 maritus,
788 4860 835 4906 aut
855 4853 945 4919 luerit,

157 4935 304 5001 ordinetur,
316 4935 364 4991 sed
374 4936 612 5007 irreprehensibilis
624 4951 651 4996 et
663 4942 770 5011 qualem
781 4943 862 5009 elegit
872 4944 946 5012 Apo·

1007 1924 1075 1979 libus
1087 1922 1221 1993 episcopis
1232 1937 1294 1978 cum
1307 1919 1505 1990 metropolitani
1515 1919 1616 1988 judicio
1627 1920 1797 1976 conscerati.

1007 2014 1082 2071 llnde
1105 2029 1166 2069 curn
1189 2028 1261 2083 szvpe
1283 2012 1397 2081 quaestio
1411 2011 1445 2066 de
1464 2009 1534 2065 male
1561 2018 1673 2079 accepto
1694 2010 1799 2064 honore

1006 2115 1144 2173 nascatur,
1151 2105 1210 2175 quis
1222 2103 1349 2171 ambigat,
1358 2116 1526 2172 nequaquam
1542 2101 1600 2156 istis
1607 2115 1667 2155 esse
1678 2101 1796 2156 tribuea·

1005 2198 1078 2262 ιιιιιιι,
1095 2195 1167 2266 quod
1187 2212 1238 2250 nnn
1253 2194 1367 2250 docetur
1388 2194 1469 2249 luisse
1482 2192 1611 2249 collatum
1622 2193 1634 2246 l
1645 2193 1673 2248 Si
1688 2192 1735 2264 qui
1749 2207 1796 2247 au·

1005 2301 1059 2348 tem
1071 2292 1161 2349 cleriei
1176 2292 1210 2347 ab
1225 2291 1282 2346 istis
1304 2288 1545 2361 pseudoepiscopis
1567 2288 1593 2342 in
1608 2288 1649 2343 eis
1672 2287 1795 2343 eeclesiis

1004 2384 1119 2440 ordinati
1135 2391 1217 2446 snvvt,
1240 2397 1300 2450 quae
1318 2381 1351 2435 ad
1367 2378 1490 2450 proprios
1511 2378 1654 2448 episcopos
1675 2377 1792 2448 pertitu-

1004 2476 1080 2542 bant,
1096 2484 1124 2530 et
1136 2474 1270 2530 ordinatio
1285 2489 1379 2529 eorum
1394 2487 1537 2535 consensu,
1548 2471 1688 2539 etlndieio
1702 2471 1793 2541 praesi-

1003 2565 1124 2620 dentium
1140 2563 1210 2619 iacta
1222 2571 1273 2626 est,
1290 2570 1379 2632 potest
1391 2569 1449 2616 rata
1463 2560 1557 2616 haberi
1572 2577 1580 2612 :
1597 2561 1632 2614 ita
1644 2569 1676 2614 ιιι
1689 2561 1717 2615 ιιι
1731 2558 1792 2630 ipsis

1003 2656 1124 2713 ecelesiis
1137 2662 1321 2727 perseverent.
1334 2653 1419 2708 Aliter
1433 2660 1522 2707 antem
1532 2667 1602 2707 vana
1616 2651 1739 2707 ltabcnda
1753 2658 1792 2706 est

1003 2744 1183 2813 consecratio,
1199 2759 1259 2813 ‹puae
1273 2758 1323 2799 nec
1341 2742 1402 2798 loco
1417 2740 1525 2796 lundata
1541 2751 1593 2808 est,
1608 2755 1660 2796 nec
1673 2741 1789 2797 metari

1004 2843 1059 2891 tate
1073 2836 1186 2890 mnnita.

1037 2925 1117 3000 Cujus
1131 2943 1221 2998 snpra,
1235 2929 1275 2980 ιιι.
1295 2927 1339 2981 55.
1352 2927 1417 2980 cum
1433 2939 1497 2995 ergo
1512 2925 1546 2980 de
1558 2929 1657 2981 suman
1668 2923 1791 2980 caerulo«

1003 3019 1036 3073 tis
1057 3017 1189 3075 electione
1209 3019 1377 3082 tractabitur,
1397 3018 1443 3073 ille
1469 3018 1593 3073 omnibus
1615 3015 1789 3087 praeponitur.

963 3100 984 3161 C
1002 3125 1081 3178 equiem
1093 3109 1170 3173 cleri,
1186 3109 1326 3180 plebisque
1347 3123 1495 3164 coruscusus
1514 3107 1687 3164 concorditer
1699 3113 1786 3177 postu·

1001 3197 1082 3253 lariut
1095 3214 1102 3253 ι
1117 3197 1154 3252 ιιι
1170 3205 1200 3251 ut
1216 3198 1239 3252 si
1253 3198 1279 3251 in
1296 3196 1375 3251 aliam
1392 3196 1462 3250 inrte
1474 3209 1617 3267 persenam
1632 3195 1749 3265 partium
1762 3206 1791 3247 sc

1000 3295 1063 3341 vata
1079 3286 1226 3352 diviserint,
1253 3286 1453 3357 ntetrepolitani
1471 3286 1571 3354 judicio
1592 3285 1615 3339 is
1630 3285 1708 3339 alteri
1724 3298 1790 3353 prae·

1000 3386 1126 3447 ponatur,
1140 3378 1187 3447 qui
1200 3377 1347 3448 majoribus
1360 3386 1388 3432 et
1397 3376 1491 3431 studiis
1502 3375 1621 3445 juvatur,
1637 3384 1665 3430 et
1679 3374 1788 3438 meritis,

1001 3475 1104 3522 tantum
1119 3477 1147 3523 ut
1162 3469 1250 3523 nullus
1266 3468 1365 3535 invitis,
1391 3475 1419 3522 et
1439 3483 1492 3522 non
1510 3467 1665 3538 petentibus
1682 3465 1786 3520 orelirne·

1002 3566 1056 3624 tur,
1072 3574 1106 3614 ne
1121 3559 1215 3614 civitas
1231 3560 1387 3630 episcopum
1402 3574 1455 3611 nort
1470 3566 1593 3627 optatum
1608 3564 1656 3608 aut
1669 3565 1788 3611 coivtcms

1001 3659 1056 3714 nat,
1079 3658 1125 3706 aut
1138 3651 1237 3720 oderit,
1251 3659 1278 3707 et
1292 3652 1337 3704 ilat
1350 3651 1439 3705 tainus
1460 3649 1582 3717 religinsa
1599 3663 1681 3717 quarn
1695 3661 1788 3704 conve·

1000 3744 1052 3812 nit,
1063 3745 1106 3800 cui
1121 3760 1174 3800 non
1188 3745 1294 3801 licuerit
1307 3744 1416 3809 babere,
1433 3757 1512 3812 quem
1525 3741 1618 3797 voluit.

999 3855 1137 3916 CCXXlX.
1152 3854 1227 3921 Quod
1236 3858 1301 3911 nulii
1309 3856 1437 3912 sacerdoti
1448 3870 1560 3915 certantes
1569 3853 1646 3907 liccat
1657 3854 1784 3924 ignorare.

1034 3961 1076 4016 Ea
1091 3963 1186 4017 decret.
1202 3976 1277 4030 prpe
1290 3957 1405 4022 Calcat,
1423 3957 1461 4011 tit.
1477 3955 1521 4009 ab.
1541 3952 1706 4009 Coelestlnus
1728 3952 1784 4006 uui·

998 4053 1084 4109 versis
1097 4049 1231 4123 episcopis
1247 4065 1295 4121 per
1305 4049 1429 4120 Apuliam
1444 4055 1472 4101 et
1486 4045 1638 4102 Calabriam
1654 4045 1784 4099 constitu-

999 4143 1042 4198 tis.
1058 4141 1128 4197 Nulli
1149 4139 1320 4197 sacerdotum
1342 4153 1406 4193 suos
1420 4136 1500 4191 liceat
1517 4149 1636 4191 macutes
1651 4135 1783 4203 ignorare.

997 4248 1047 4288 nec
1070 4232 1216 4301 quidquam
1232 4229 1332 4295 iacere,
1358 4227 1429 4296 quod
1455 4225 1562 4279 Patrum
1583 4223 1669 4295 possit
1690 4222 1785 4292 regulis

997 4319 1118 4377 obviare.
1133 4321 1198 4387 Qua
1209 4320 1280 4375 enirn
1304 4334 1318 4373 a
1341 4316 1418 4373 uobis
1433 4332 1476 4371 res
1489 4316 1567 4384 digna
1587 4314 1751 4382 servabitur,
1765 4312 1785 4368 si

159 4392 256 4456 ’Μ’
283 4407 336 4448 '¹⁰¹¹
361 4393 472 4446 “mmm
495 4390 623 4455 'emme’
650 4392 695 4460 ‘¹¹¹³
709 4391 732 4446 δί
759 4407 812 4447 '¹⁰¹¹
827 4392 946 4446 demum
961 4394 985 4454 D
999 4412 1175 4468 decretalium
1200 4426 1294 4465 nrma
1320 4407 1526 4464 constitutorum
1546 4421 1606 4475 ,pro
1634 4403 1787 4474 aliquorum

998 4507 1084 4571 libitu,
1098 4507 1203 4563 lieentia
1218 4505 1324 4577 populis
1339 4502 1479 4572 permissa,
1496 4500 1643 4568 frangatur.

996 4598 1124 4660 CCXXX.
1141 4597 1215 4662 Quod
1238 4597 1310 4651 nlittd
1324 4597 1361 4650 sit
1373 4611 1450 4657 uror,
1468 4592 1540 4646 niittd
1558 4587 1723 4648 conamina:
1740 4602 1786 4640 nec

1032 4679 1099 4725 erret
1129 4670 1226 4738 trisquis
1248 4668 1329 4736 filiunt
1340 4681 1413 4719 suam
1428 4664 1454 4716 in
1467 4662 1631 4715 ntotrintsttio
1646 4657 1786 4711 tradiderit

1032 4688 1200 4795 concuzlnnm
1214 4737 1327 4791 habetati.

1032 4850 1075 4905 Ea
1085 4850 1179 4904 derret.
1193 4864 1268 4917 pape
1280 4844 1382 4912 leonis,
1398 4843 1499 4898 tit.'l8.
1516 4845 1573 4897 Nun
1586 4857 1674 4896 timrtts
1690 4840 1786 4894 mulier

997 4943 1055 4998 viro
1063 4944 1154 5014 juncta
1170 4954 1238 4993 uxor
1251 4952 1290 4992 est
1305 4938 1368 5001 viri,
1382 4937 1445 5006 quia
1459 4950 1507 4990 trec
1516 4933 1604 4988 urvvuis
1616 4931 1687 4985 lilius
1701 4931 1787 4984 literas

157 5025 251 5089 stolus,
264 5023 505 5098 liauPcrlloysem
515 5027 643 5086 Dominus
653 5030 780 5103 praecepit
791 5049 797 5086 :
810 5031 946 5100 Virginem
997 5041 1039 5089 est
1053 5032 1134 5102 patri.
1160 5029 1316 5100 Nuptiarum
1340 5037 1429 5083 autem
1447 5028 1483 5083 ιιι
1493 5028 1547 5080 iera
1570 5026 1642 5078 iuter
1654 5024 1788 5092 ingenuos

157 5117 274 5187 accipiat
290 5117 415 5173 sacerdos
435 5134 556 5175 uxorem.
578 5121 765 5193 Subsequitur,
789 5132 818 5178 et
839 5125 946 5193 supplet
996 5134 1060 5182 sunt
1074 5125 1205 5193 legltima,
1220 5129 1249 5177 st
1271 5119 1519 5190 interamnanam
1545 5116 1630 5170 inulto
1645 5114 1721 5183 prius
1734 5111 1787 5166 hoc

157 5207 301 5277 Apostolus
311 5210 405 5265 eodem
420 5211 524 5266 mcutus
534 5211 644 5281 spiritu:
661 5215 743 5268 Unius
754 5214 845 5270 uxoris
858 5215 945 5269 virutu
997 5215 1086 5284 ipsum
1100 5212 1213 5268 {lumino
1237 5210 1431 5276 constituente,
1446 5221 1525 5277 uquam
1546 5204 1649 5259 initium
1669 5198 1787 5256 Romani

156 5298 255 5354 debere
265 5299 417 5371 episcopum
428 5302 590 5357 consecrari.
602 5301 642 5357 Ad
654 5302 724 5358 lianc
738 5316 802 5373 ergo
813 5303 946 5372 eligantur
994 5303 1064 5375 iuris
1078 5302 1215 5358 existeret.
1236 5298 1330 5367 ltaque
1351 5296 1422 5352 aliud
1444 5303 1487 5351 est
1499 5309 1577 5356 uxor,
1594 5290 1667 5346 allud
1682 5303 1785 5346 conco·

156 5391 298 5447 ionnulam
313 5394 477 5461 sacerdotes,
489 5396 549 5452 etsi
562 5410 622 5466 quae
636 5393 783 5460 lactescat
796 5397 945 5454 ordinatio·

156 5495 204 5534 nas
225 5483 947 5561 illicito,renmveantur,quomanvstarenonpossunt,

156 5587 205 5625 viee
220 5573 411 5632 discussionem
440 5588 560 5635 nostram
585 5579 768 5650 subterfugere
800 5589 941 5651 poterunt:

158 5667 279 5741 ‹ptatnv's
306 5667 388 5724 latere
409 5686 438 5726 se
460 5671 601 5737 aestivaverat,
623 5672 737 5740 qualiter
753 5679 941 5742 pervenerunt,

997 5385 1078 5451 bina:
1096 5393 1167 5448 sicut
1180 5389 1252 5447 aliud
1265 5389 1374 5453 annila,
1389 5387 1461 5442 aliud
1476 5386 1570 5442 libera.
1588 5382 1703 5452 Propter
1711 5377 1785 5450 qaod

997 5485 1077 5544 et'anv
1090 5482 1235 5555 Apostolus
1251 5480 1285 5537 ad
1301 5477 1521 5536 arvaniiestaudum
1537 5475 1631 5529 barum
1654 5483 1786 5542 persona-

998 5592 1056 5633 rum
1077 5574 1276 5638 discretionem,
1302 5570 1483 5627 testimonium
1516 5569 1592 5637 ponit
1615 5577 1649 5618 ex
1672 5559 1785 5622 Genesi,

998 5669 1042 5727 obi
1060 5668 1155 5726 dicitnr
1170 5667 1299 5726 stratae:
1324 5665 1395 5736 Epioe
1412 5661 1545 5727 asellam,
1560 5665 1588 5714 ct
1613 5653 1698 5711 lulium
1715 5655 1785 5722 ejus,
