3810 6128
139 229 208 287 isti
520 225 736 285 seminudus
757 224 800 282 tu
820 224 1054 284 TESleiENid
1077 224 1199 293 EPISC..
1221 227 1312 296 tuit,
1333 226 1411 285 CTC.
1700 232 1789 302 iste,

134 340 267 400 moniales
281 337 429 410 spiritales,
443 338 477 394 ati
492 343 646 411 peregrinas
659 354 708 393 seu
723 339 926 408 peregrinorum
942 344 964 401 Α
980 349 1080 405 stores,
1096 340 1210 394 otrruiuo
1224 354 1440 406 commonemus,
1456 348 1483 395 ut
1501 356 1553 398 trun
1579 356 1595 395 a
1610 343 1685 399 uobis
1700 361 1770 401 one-

136 451 167 489 sc
182 444 362 503 pauperorum
374 443 463 494 nsunt,
479 431 523 498 qui
540 438 650 500 propter
670 429 753 484 iteum
768 443 816 482 sua
829 427 927 485 dereii·
979 444 1040 484 rosa
1056 438 1102 483 aut
1128 429 1217 498 aliqua
1242 430 1333 498 grauia
1361 430 1482 500 injuncta
1498 447 1512 485 a
1536 432 1646 501 praelixa
1670 422 1768 490 iocciio

135 532 253 596 querunt
273 522 331 578 ioca
359 521 402 575 rei
425 520 617 589 substantiam,
633 531 662 575 ut
684 521 710 576 in
725 520 927 592 puaedietumu·
978 521 1160 590 rcquirautor.
1185 521 1237 576 Sed
1262 538 1344 592 opera
1359 524 1583 579 restituente-rum
1606 538 1687 596 atque
1708 542 1768 595 quoe
1832 586 1844 594 ,

136 614 254 669 consteriu
268 611 375 667 Sancte
396 610 445 666 liei
459 610 599 680 genitricis
619 611 720 680 llarioe,
734 610 807 681 quud
822 610 856 665 ati
870 625 928 664 ma·
977 611 1011 667 ud
1034 611 1254 666 sanctimoniales
1278 613 1397 681 pertinet
1424 611 1586 679 laciendum,
1615 615 1659 669 uel
1688 617 1768 671 testi·

134 706 341 768 tremecelesiae
360 703 569 760 cenomannicae
594 703 728 761 urbiscui
758 718 874 774 praeesse
896 718 927 759 ac
977 713 1067 759 nrt-rna
1090 705 1273 759 ecclesiastica
1304 715 1352 759 aut
1379 705 1543 773 pontiticalia
1572 705 1697 773 lavanda,
1724 706 1769 763 sci

135 797 265 870 prodesse
285 796 382 862 debeo,
397 795 471 866 juste
489 803 518 851 et
541 795 664 867 legaliter
685 797 812 867 pertinet,
824 804 856 852 ¹et
876 797 927 852 sub
977 813 1006 854 re
1023 797 1155 853 tauranda
1168 797 1276 860 debent,
1293 795 1383 851 lacere
1394 795 1532 860 studeant,
1550 806 1579 851 nt
1595 799 1687 866 regula
1705 814 1768 852 sart-

134 894 320 950 ticrminatiooe
343 891 501 961 pontilicum
527 906 559 948 ac
592 892 777 948 ministrorum
803 908 924 960 suorum,
976 889 1184 954 numunianum,
1200 897 1312 959 propter
1326 904 1406 945 censa
1423 890 1570 945 ueiexacta
1595 892 1769 961 grauiapon-

135 985 329 1041 reddibitiones
343 991 371 1038 et
388 997 470 1039 censa
484 997 600 1039 onerosa
616 998 650 1039 ex
675 983 734 1053 ipso
760 985 927 1039 ntouasteriu
977 982 1078 1051 tiit-unt
1094 979 1136 1035 vei
1148 980 1332 1035 ministrorum
1348 997 1458 1037 suorum
1474 982 1539 1035 inibi
1554 997 1607 1036 nou
1620 984 1769 1052 orgiigctor

134 1077 167 1130 ati
183 1075 340 1147 praedictam
357 1083 470 1131 matrem
485 1075 628 1130 ecclesiam
644 1077 845 1145 persolvuntur,
856 1075 927 1131 sicud
975 1071 1046 1128 sicut
1059 1070 1117 1142 [sed
1133 1071 1174 1143 ut]
1188 1086 1205 1125 a
1221 1071 1298 1127 uobis
1311 1072 1487 1127 constitutum
1503 1081 1555 1138 est,
1565 1073 1601 1128 ita
1614 1075 1687 1129 urrtrri
1699 1083 1767 1128 teru-

135 1165 416 1222 abinstitutoribuset
427 1164 590 1221 ciimatibus
601 1179 634 1220 ac
646 1164 832 1220 fundatoribus
842 1167 927 1235 ipsius
976 1176 1043 1231 pore
1054 1173 1241 1216 cortseruetor.
1259 1161 1292 1215 Et
1308 1170 1433 1232 posteros
1446 1173 1555 1218 nostros
1571 1165 1616 1234 qui
1631 1165 1656 1219 io
1672 1167 1767 1222 orditus

134 1256 295 1312 monasterii
305 1265 334 1312 et
348 1273 363 1310 a
376 1254 621 1326 predecessoribus
646 1255 818 1325 pontificibus
843 1256 927 1326 hujus
976 1255 1131 1326 pontidium
1145 1253 1170 1307 in
1180 1253 1231 1307 hau
1241 1254 1306 1309 sede
1317 1253 1398 1308 loturi
1412 1263 1485 1317 sunt,
1498 1256 1635 1311 bundiiter
1646 1258 1767 1328 pustula-

134 1351 208 1406 urbis
220 1350 320 1406 dodum
333 1349 509 1404 constitutum
522 1355 574 1411 est,
587 1346 923 1418 hacteuuspsrsoiunotor,
976 1360 1046 1409 rurus,
1062 1351 1092 1398 ot
1102 1343 1174 1412 qnod
1188 1358 1203 1397 a
1217 1343 1294 1399 uobis
1305 1328 1436 1398 statutum
1447 1345 1540 1409 est,ab
1555 1344 1607 1400 iilis
1616 1362 1670 1400 ouo
1682 1347 1768 1401 uitric-

133 1439 237 1495 leciora
253 1449 281 1495 et
295 1439 415 1495 faciliora
428 1436 634 1492 essevolumus.
649 1434 677 1489 ln
693 1451 746 1506 qna
758 1438 839 1490 etiam
856 1438 924 1492 ceila
976 1445 1030 1504 tor,
1044 1444 1073 1491 et
1094 1436 1166 1491 sient
1191 1435 1376 1491 institutiones
1399 1451 1495 1492 eorum
1514 1449 1688 1495 concertatus
1707 1455 1785 1503 esso,
1868 1428 1871 1433 ’

133 1531 291 1601 praedicam
328 1528 556 1597 consanguineam
593 1535 712 1582 nostram
751 1527 924 1584 ddrehiidem
975 1524 1120 1588 voluerint,
1136 1525 1509 1593 itaetnostraeunserubnt,
1525 1528 1649 1582 utliceat
1669 1531 1767 1584 ihidetn

133 1621 316 1678 reiterabiiem
329 1620 492 1676 abbatissam
503 1619 773 1682 constituimus,cum
788 1635 922 1675 consensu
974 1616 1128 1670 constitutis
1145 1615 1396 1670 sarrethoooiaiibus
1420 1616 1470 1671 sob
1489 1627 1585 1672 sancto
1608 1618 1719 1674 ordine¹
1739 1629 1768 1674 et

132 1713 303 1768 sacerdotum
317 1719 483 1777 nostrornm,
496 1719 526 1765 nt
544 1710 622 1766 stibi
649 1710 675 1765 iu
695 1709 797 1766 Christi
812 1713 924 1767 nomine
940 1707 1026 1782 gsub
1040 1707 1355 1777 reguiaeonssrrare,et
1369 1708 1507 1776 pronubis
1523 1710 1563 1763 rei
1578 1711 1652 1764 onmi
1667 1712 1768 1781 popolo

132 1803 261 1876 praedicta
295 1803 431 1859 abbatissa
467 1803 671 1872 consanguinea
711 1813 816 1868 nostra,
844 1813 926 1874 atque
977 1799 1084 1854 iiortdni
1110 1799 1323 1854 misericordiam
1349 1814 1475 1855 exorare.
1489 1801 1533 1864 Et,
1548 1810 1579 1855 nt
1595 1803 1639 1858 hic
1652 1805 1767 1877 scriptus

132 1902 231 1952 cetere
251 1893 483 1962 sanctimoniales,
499 1900 554 1947 mm
580 1892 648 1948 inira
673 1894 779 1961 urbem,
803 1910 884 1964 quam
898 1902 926 1948 et
977 1889 1011 1943 ad
1026 1890 1141 1945 inuicem
1154 1888 1199 1962 [ad
1219 1890 1318 1963 uicem]
1338 1891 1470 1962 privilegii
1486 1891 1584 1948 lttlttrls
1599 1896 1767 1964 tentporibos

131 1987 310 2058 ,mm-„113
325 1986 467 2043 ecclesian,
486 1985 643 2057 Μίθρῃ
661 1986 769 2042 sgncgae
789 1986 836 2042 pet
850 1987 925 2054 gens.
977 1980 1119 2049 habeatur,
1135 1997 1276 2037 monemus
1292 1991 1448 2038 utsanctnm
1464 1983 1587 2040 ordinem
1601 1986 1766 2054 custodiant,

132 2081 207 2138 tricis
222 2079 322 2145 darie,
338 2077 486 2134 secundom
509 2076 644 2149 reguiam,
670 2085 698 2132 et
720 2093 792 2132 nune
808 2076 926 2146 quaudo·
976 2081 1005 2129 et
1019 2074 1093 2128 omni
1109 2083 1231 2146 tempore
1250 2085 1344 2132 sancte
1367 2087 1395 2131 et
1418 2078 1579 2147 regulariter
1599 2080 1624 2134 iu
1651 2080 1699 2135 bei
1715 2097 1767 2138 uo·

131 2171 240 2240 quidem
255 2169 290 2240 (et
303 2169 407 2241 maredo
421 2167 536 2240 quidem)
549 2169 641 2223 uivere
651 2167 777 2223 debeant.
792 2166 825 2221 Et
838 2182 924 2236 quan·
976 2166 1049 2221 mine
1064 2167 1128 2222 inibi
1144 2168 1290 2229 resideant,
1307 2179 1335 2224 et
1349 2170 1456 2226 assidue
1469 2171 1631 2229 lectionibus
1645 2174 1687 2229 uei
1702 2191 1765 2232 sao·

131 2264 276 2333 docunque
289 2262 329 2317 eis
352 2260 487 2316 abbatissa
502 2259 629 2330 praedicta
642 2260 700 2314 sive
723 2259 775 2312 alia
795 2258 923 2314 deiuncta
974 2256 1026 2312 ctis
1039 2256 1260 2314 meditationibus
1280 2260 1487 2315 etoratiooibos
1502 2271 1607 2317 uacent.
1631 2263 1766 2335 litigamus

131 2353 224 2422 luerit,
237 2369 301 2411 cum·
313 2368 446 2409 consessu
461 2361 490 2408 et
504 2351 677 2407 institutione
687 2351 743 2420 jam
759 2351 838 2405 dicte
851 2351 924 2405 oriris
974 2360 1039 2414 ergo
1062 2360 1094 2401 ae
1121 2355 1306 2403 contestantur
1327 2363 1418 2403 coram
1446 2347 1504 2404 lieo
1528 2359 1555 2405 et
1570 2353 1673 2421 angelis
1693 2355 1763 2422 eius,

130 2447 251 2518 episcopi
276 2446 376 2516 eligant
397 2444 583 2514 ailam,qnanr
615 2443 750 2498 utiliorem
777 2451 923 2498 exscntet-
974 2452 1069 2493 utttues
1088 2451 1174 2508 reges,
1200 2439 1344 2509 principes,
1370 2449 1530 2511 potestates,
1553 2442 1763 2514 dominationes,

131 2538 197 2607 ipsis
218 2538 251 2591 ad
266 2552 329 2592 suas
343 2537 448 2591 animas
463 2535 663 2592 conservandas
687 2543 714 2591 et
736 2535 867 2603 regendas
890 2549 923 2589 ae
974 2529 1115 2608 consules,
1142 2545 1290 2600 proceros,
1315 2531 1372 2585 sive
1399 2533 1521 2599 condies,
1550 2544 1633 2604 atqcue
1652 2547 1765 2594 cunctos

130 2629 189 2684 lieo
211 2628 361 2698 opitulante
384 2627 527 2683 salvandas
550 2627 714 2682 inuenerint.
730 2624 763 2680 iit
778 2627 815 2681 ita
840 2641 922 2694 trunc,
975 2633 1102 2692 potentes
1116 2631 1145 2678 ct
1159 2624 1263 2678 nobiles
1279 2639 1326 2678 scu
1352 2635 1554 2694 procuratores,
1569 2637 1599 2682 ut
1615 2629 1666 2683 boc
1681 2632 1765 2702 priri-

132 2729 187 2773 tatn
205 2734 362 2792 eamqnarn
384 2718 567 2789 etailasqaae
591 2732 709 2788 praeesse
733 2715 921 2782 risaeluerint,
974 2713 1073 2783 legium
1096 2727 1110 2767 a
1135 2714 1213 2768 nobis
1240 2728 1290 2783 per
1322 2729 1484 2770 eonsensum
1513 2718 1702 2788 episcoporum
1732 2737 1770 2776 ac

131 2824 179 2862 seu
200 2808 272 2878 ipsas
297 2807 518 2864 sanctimoniales
544 2807 583 2863 ibi·
606 2807 769 2876 subregulo
795 2807 925 2875 degemes
973 2805 1198 2859 consacerdotum
1224 2812 1378 2861 nostrorum
1399 2805 1499 2865 luctum
1515 2810 1763 2884 uuultaugautoe-

131 2915 347 2968 cutttmunerous,
363 2908 394 2956 ut
408 2900 479 2956 sicot
499 2909 590 2957 cetera
609 2901 775 2956 monasteria
787 2902 921 2970 regularia
973 2897 1768 2978 qurccorruuuautautquomodortoteotseudeiacercor,

130 3015 193 3071 quus
206 3001 257 3056 sub
267 2999 363 3056 ordine
382 2993 482 3069 reguhe
507 2991 609 3055 rectius
622 2991 733 3063 degunt,
747 2991 872 3048 similiter
894 3001 922 3048 et
936 3015 958 3077 c
973 2993 1020 3041 aot
1034 2986 1061 3040 in
1072 2987 1163 3062 aliquo
1178 2988 1258 3051 noto
1272 3009 1456 3068 corrumpam,
1466 2999 1534 3054 sicut
1550 3001 1607 3075 [sed
1617 3001 1762 3074 trtisaocti·

132 3093 289 3161 pradictum
301 3091 455 3146 conubium
469 3089 715 3146 sanctimonialium
725 3091 774 3144 sub
786 3091 922 3159 potestate

130 3189 158 3236 et
173 3181 305 3251 rcgitnine
318 3181 437 3252 praelatae
458 3181 531 3235 urbis
541 3180 661 3250 episcopi
674 3179 783 3250 degant,
795 3188 824 3236 et
841 3194 922 3248 regu·

130 3277 183 3332 lam
199 3277 227 3332 in
239 3293 272 3332 eo
290 3277 363 3333 urrini
382 3286 505 3346 tempore
523 3285 696 3332 conseruent.
713 3275 746 3329 Et
760 3291 810 3331 nos
830 3277 922 3333 taliter

130 3385 191 3436 uos,
206 3369 252 3424 sei
265 3377 370 3425 vestros
381 3370 545 3439 quicumque
567 3368 642 3426 iliius
652 3370 773 3425 ecciesiae
786 3369 841 3426 sint
854 3384 921 3426 sxa·

168 3576 181 3604 ¹
196 3565 232 3622 Se
254 3566 343 3622 nentia
358 3567 468 3636 desunt,
479 3567 612 3624 ethomm
627 3569 688 3625 loco
699 3568 726 3624 in
737 3569 829 3625 charta
841 3585 924 3641 qoam

131 3581 324 3705 interpo‘datam
337 3651 490 3704 censemus,
504 3639 607 3706 ingesta
620 3647 683 3693 sunt
693 3654 751 3708 qoae
761 3650 920 3708 sequuntur,

131 3707 266 3762 stridere
284 3714 327 3762 est
341 3706 474 3762 indnnai.
486 3708 586 3764 liabill.
599 3724 625 3778 p.
643 3709 705 3766 atti.
724 3728 734 3761 c
754 3710 829 3765 iiode
849 3713 926 3765 donr-¹

132 3792 230 3833 uorum
242 3775 431 3848 episcoporum
443 3787 471 3832 et
485 3779 754 3846 metropolitanorum
769 3782 866 3833 artium
879 3795 921 3835 se·

132 3845 181 3901 ties
192 3846 342 3902 tenentium
355 3847 481 3917 suil'ragia
492 3848 637 3918 poscimus,
650 3856 680 3901 ut
689 3847 836 3903 adhibeant
851 3865 922 3904 mer·

132 3917 228 3972 cedem
249 3925 278 3971 ut
292 3917 344 3972 huc
367 3926 489 3973 sanctum
511 3916 679 3986 priuilegium
703 3933 763 3971 cum
791 3919 921 3973 societate

133 3986 308 4042 beatitudinis
331 3995 359 4042 et
373 3987 529 4042 consentire
549 3996 630 4054 atque
645 3986 788 4041 adlirmare
803 4003 856 4042 tina
874 4003 922 4042 no·

132 4056 238 4111 hiscum
254 4071 308 4111 nun
325 4056 512 4127 dedignentur.
534 4055 632 4112 iterant
648 4071 697 4111 vus
707 4056 821 4113 domnos
833 4059 923 4126 ponti·

134 4126 199 4181 hess
214 4123 353 4181 humiliter
372 4128 503 4198 deprecor
526 4134 557 4182 ut
580 4127 633 4182 hue
656 4126 825 4196 priuilegium
844 4142 859 4182 a
878 4142 923 4184 mc

133 4195 244 4258 iactum,
268 4197 367 4253 uestris
388 4196 512 4252 manibus
536 4197 665 4252 roborare
688 4204 716 4251 et
741 4197 925 4264 subscribere,

133 4264 276 4320 charitatis
293 4281 374 4321 causa
396 4274 478 4334 atque
501 4265 700 4331 benevolentia,
719 4265 876 4336 dignemini.
893 4267 922 4323 ln

133 4333 235 4388 Christi
246 4337 355 4390 nominc
368 4336 540 4404 sigilbertus,
552 4351 584 4392 ac
596 4335 618 4391 si
630 4344 757 4406 peccator
767 4338 921 4411 episcopos,

133 4403 187 4459 hoc
209 4405 378 4473 priuilegium
394 4405 602 4461 deuotissimos
627 4421 670 4460 me
691 4406 792 4460 iactuum
808 4407 922 4462 libenter

133 4473 291 4555 subscripsi.
305 4505 342 4518 -
355 4474 535 4538 Hildebertus,
551 4484 579 4530 et
593 4475 614 4530 si
627 4484 755 4600 sseccatur
768 4477 921 4547 episeopus,

133 4542 188 4624 hoc
207 4545 377 4613 pravilegium
401 4544 625 4600 subs-Laude
645 4554 736 4610 ertus,
760 4547 849 4670 gratia
875 4547 922 4604 liei

133 4627 289 4682 episcopus,
313 4616 365 4670 hoc
386 4614 555 4684 priuilegium
577 4615 650 4669 subs.
666 4647 702 4657 -
717 4617 742 4668 in
783 4617 858 4672 hristi
874 4631 923 4672 no·

133 4682 207 4736 ariste
232 4683 429 4750 Carrdobertns,
443 4700 476 4740 ae
498 4685 520 4741 si
547 4692 676 4755 peccator
696 4685 849 4753 episcopus,
869 4687 922 4744 hoc

134 4751 301 4821 priuilegium
316 4755 391 4810 subs.
402 4785 438 4795 -
450 4753 479 4809 ln
498 4754 598 4809 Christi
618 4754 727 4809 numine
742 4755 921 4823 hildramnus,

133 4834 166 4874 ae
180 4821 202 4876 si
216 4833 344 4891 peccator
367 4825 509 4894 episcopus
531 4824 582 4880 hoc
604 4825 773 4894 privilegium
798 4826 922 4882 subs..-

134 4888 272 4960 Gozeous,
293 4904 421 4962 peccator
430 4894 583 4964 episcopus,
597 4893 650 4949 hoc
662 4893 830 4966 privilegium
846 4897 923 4952 subs.

133 4959 210 5014 -·in
227 4963 273 5018 uei
296 4964 405 5020 nomine
428 4964 575 5030 Prutasius,
588 4978 621 5018 ac
638 4965 660 5019 si
672 4973 799 5032 peccator
813 4966 920 5032 episco-

134 5044 199 5100 pus,
211 5029 264 5088 buc
286 5035 363 5104 prisii
399 5035 454 5091 ium
469 5032 544 5090 subs.
558 5066 593 5077 -
604 5033 763 5102 batopidus,
778 5050 810 5089 ac
822 5035 844 5090 si
858 5050 920 5106 pee-

133 5109 211 5154 catur
223 5103 376 5173 episcopus,
406 5120 439 5160 oc
453 5104 620 5175 priuilegium
632 5103 709 5167 subs,
718 5133 753 5145 -
765 5105 918 5170 liutbertus,

133 5183 168 5224 ae
190 5170 211 5224 si
226 5175 526 5243 peccatorepiscopns,
541 5173 592 5229 boc
605 5173 777 5244 priuilegium
791 5177 868 5231 subs.
882 5204 918 5219 —-

132 5236 164 5294 ln
179 5239 276 5296 Christi
292 5243 400 5298 nomine
420 5242 572 5312 liorlingus,
589 5258 621 5297 ac
639 5244 662 5297 si
678 5254 803 5313 peccatur
816 5247 920 5315 episco-

134 5325 195 5391 pus,
211 5309 263 5366 huc
273 5310 440 5379 priuilegium
455 5313 529 5367 subs.
541 5344 576 5356 -
586 5312 614 5367 lu
628 5313 727 5369 Christi
742 5314 851 5370 nomine
872 5318 920 5370 lie·

974 3079 1104 3139 moniales
1117 3087 1142 3139 in
1157 3087 1285 3157 praedicto
1297 3088 1358 3144 lucu
1369 3105 1416 3145 seo
1427 3094 1553 3148 coenobio
1565 3096 1590 3149 iu
1603 3111 1696 3152 auctore
1713 3100 1769 3153 hcr-¹

973 3175 1037 3228 mirri
1048 3177 1132 3231 nostri
1145 3177 1207 3232 iesu
1219 3177 1457 3236 Christietsanctn
1470 3183 1516 3239 liei
1530 3187 1665 3253 genitricis
1676 3189 1769 3245 ilario,

973 3268 1064 3335 quiete
1087 3277 1115 3322 et
1142 3269 1304 3338 regulariter
1340 3273 1442 3344 absque
1469 3274 1521 3329 ulia
1549 3279 1692 3336 uexatione
1715 3288 1764 3336 ant

973 3356 1133 3411 marritione
1165 3352 1297 3414 securiter
1319 3369 1413 3417 sancto
1434 3361 1525 3418 virere
1552 3368 1710 3436 perotittaot
1737 3372 1763 3428 ⁰.
1829 3360 1832 3366 ’

972 3564 1129 3635 subscripsi.
1144 3565 1216 3621 -ln
1230 3563 1330 3620 Christi
1347 3567 1455 3622 nominc
1475 3567 1648 3637 ddaibertos,
1664 3587 1762 3642 pecca·

973 3644 1016 3690 tor
1030 3635 1186 3704 episcopus,
1204 3639 1256 3693 hoe
1272 3636 1440 3705 privilegium
1455 3638 1528 3693 subs.
1543 3671 1577 3682 -
1592 3640 1669 3694 ilbbo
1684 3645 1764 3696 mise-

973 3705 1088 3759 ricordia
1112 3704 1157 3758 Dei
1182 3707 1325 3773 episcopus
1345 3708 1419 3760 subs.
1435 3736 1468 3746 -
1481 3706 1509 3761 in
1535 3706 1633 3762 Chri-ti
1654 3714 1769 3765 numine>

973 3775 1174 3834 liermeoarius.
1196 3782 1324 3843 peccatur
1338 3776 1481 3844 episcopus
1504 3778 1579 3832 sohs.
1592 3812 1626 3822 -
1641 3779 1669 3834 lo
1684 3782 1762 3836 Ciui-

972 3844 1008 3897 sti
1021 3844 1129 3897 nomine
1155 3843 1339 3902 vindicianus.
1355 3859 1387 3899 ac
1408 3847 1431 3899 si
1455 3854 1583 3913 peccatur
1607 3850 1768 3919 episcopus,

974 3911 1026 3967 hoc
1040 3912 1207 3982 priuilegium
1219 3914 1291 3968 subs.
1307 3943 1342 3953 -
1352 3913 1381 3968 ln
1392 3915 1489 3970 Christi
1504 3918 1614 3973 nomiae
1629 3921 1762 3988 llorgour·

972 3981 1033 4042 dus,
1048 3997 1080 4037 ae
1094 3983 1116 4036 si
1128 3991 1254 4051 peccator
1266 3984 1419 4054 episcopus,
1439 3987 1490 4039 hoc
1505 3987 1672 4056 privilegium
1686 3991 1760 4046 subs.

971 4083 1009 4096 -
1021 4052 1049 4107 lu
1063 4050 1163 4107 Christi
1176 4053 1286 4108 nomine
1307 4053 1458 4122 Atqtriiinus,
1473 4069 1504 4108 ac
1520 4056 1541 4109 si
1557 4067 1684 4127 peccator
1703 4062 1768 4129 epi-

973 4137 1085 4192 scopus,
1098 4122 1152 4177 hoc
1171 4122 1340 4192 priuilegium
1358 4124 1432 4179 subs.
1449 4153 1483 4165 -
1500 4123 1713 4194 l'lucorielrcdus,
1731 4147 1771 4187 ac

973 4191 996 4247 si
1009 4201 1135 4264 peccatur
1157 4193 1313 4262 episcopus,
1331 4194 1383 4249 hoc
1397 4193 1565 4264 privilegium
1589 4199 1665 4254 subs.
1680 4229 1716 4241 -
1730 4203 1765 4256 in.

973 4262 1071 4318 Christi
1085 4263 1194 4317 nomine
1218 4261 1392 4320 i'ramhertus
1415 4265 1558 4334 episcopua
1584 4266 1636 4324 hoe
1653 4270 1763 4340 priuile-

973 4333 1045 4400 gium
1065 4333 1140 4388 subs.
1151 4361 1185 4372 -
1198 4332 1336 4402 Ondingos
1346 4334 1489 4405 episcopus
1502 4336 1576 4391 suhs.
1593 4368 1629 4380 -
1642 4341 1769 4398 berettus

974 4402 1117 4472 episcopus
1130 4403 1183 4458 hnc
1206 4403 1374 4472 priuilegium
1395 4405 1469 4460 subs.
1484 4435 1519 4446 -—
1530 4404 1706 4478 iiadcgarios,
1730 4429 1764 4468 ac

973 4473 999 4528 si
1022 4482 1149 4540 peccator
1175 4475 1343 4543 episcopos,
1364 4475 1416 4529 hoc
1443 4475 1611 4545 priuilegium
1637 4481 1712 4536 scrius.
1726 4509 1766 4524 -

973 4542 1185 4610 theotegartus.
1197 4559 1230 4597 ac
1244 4543 1265 4596 si
1280 4554 1407 4612 peccatos
1419 4545 1573 4614 episcopus,
1587 4548 1604 4602 h
1625 4552 1762 4620 eprivite·

972 4613 1044 4680 gium
1058 4612 1130 4667 subs.
1144 4644 1178 4656 -
1191 4613 1220 4668 io
1232 4612 1330 4669 Christi
1345 4615 1454 4669 nomine
1467 4615 1604 4683 dominus,
1620 4634 1651 4674 ac
1662 4623 1683 4675 si
1696 4637 1762 4691 pec-

972 4691 1049 4736 catur
1071 4683 1226 4753 episcopus,
1239 4683 1314 4738 subs.
1326 4714 1362 4726 -
1371 4683 1399 4738 lo
1414 4685 1512 4740 Christi
1527 4702 1636 4744 nomine
1649 4690 1764 4748 Eriebaa

971 4752 1037 4812 rius,
1049 4767 1080 4806 ac
1090 4753 1112 4806 si
1128 4765 1254 4820 peccator
1264 4752 1417 4823 episcopus,
1433 4755 1577 4810 subs-iu
1588 4758 1634 4815 lici
1650 4765 1762 4820 nominc

972 4821 1109 4891 liavingis,
1125 4837 1158 4878 ac
1182 4823 1203 4878 si
1217 4832 1345 4891 peccator
1358 4825 1512 4894 episcopus,
1528 4827 1579 4883 hoc
1593 4831 1764 4900 priuilegium

971 4892 1044 4947 subs.
1060 4924 1095 4935 -
1112 4893 1142 4946 in
1153 4891 1254 4947 Christi
1274 4895 1382 4950 nomine
1404 4895 1528 4951 Clemens
1552 4901 1696 4970 episcopus
1711 4904 1763 4958 hoc

970 4961 1139 5031 priuilegium
1153 4963 1310 5034 subscripsi.
1323 4993 1357 5006 -
1370 4967 1397 5020 iu
1416 4965 1515 5021 Christi
1532 4971 1640 5026 nomine
1654 4972 1764 5040 hagam

972 5042 1041 5098 teus,
1057 5046 1090 5086 ac
1104 5033 1126 5087 si
1138 5047 1267 5102 precator
1281 5035 1435 5104 episcopus,
1448 5037 1501 5093 hoe
1513 5040 1681 5110 privttcgton
1695 5042 1760 5096 surb·

970 5101 1076 5183 scripsi.
1093 5135 1127 5144 -
1150 5102 1313 5169 iiadoaidus,
1328 5114 1456 5190 peccatur
1470 5111 1623 5176 episcopus,
1641 5112 1692 5166 hoc
1706 5114 1761 5179 pri·

970 5172 1097 5241 vilegium
1113 5175 1188 5227 subs.
1200 5172 1274 5230 -lu
1291 5176 1338 5231 [ier
1359 5178 1469 5232 nomine
1483 5177 1664 5237 Winicharius
1678 5182 1761 5237 abbas

969 5241 1129 5298 subs—in
1156 5243 1203 5298 liei
1235 5247 1346 5303 nomine
1374 5246 1533 5302 lladoiodus
1554 5250 1762 5308 archidiaconos

969 5312 1123 5383 subscripsi.
1139 5344 1175 5355 -
1189 5315 1216 5369 in
1244 5316 1291 5371 Dei
1315 5318 1423 5373 numios
1441 5315 1513 5373 Satio
1525 5318 1626 5375 Christi
1654 5322 1763 5378 homilis

135 5394 233 5446 rarius,
254 5394 287 5435 ac
309 5380 332 5434 si
356 5393 483 5453 peccatur
506 5384 657 5452 episcopus.
678 5382 919 5454 subscripsi.-ln
968 5384 1203 5441 subs-rictum
1234 5384 1416 5443 Cenontanois
1447 5387 1575 5455 ciuitate,
1605 5390 1632 5445 in
1669 5407 1763 5448 metrse

134 5448 232 5504 Christi
245 5450 354 5505 nuntiae
366 5451 538 5523 higiibcrtns,
549 5468 580 5508 au
592 5453 614 5508 si
628 5463 754 5522 peccator
766 5455 918 5527 episcopos,

969 5450 1060 5520 lunio,
1071 5470 1143 5510 anuo
1162 5457 1200 5524 xj,
1217 5466 1346 5525 regnante
1359 5459 1460 5513 donum
1473 5455 1645 5518 'lbeudurico
1659 5463 1763 5532 glorio·

135 5517 449 5588 hocpririiegiomsubs.
463 5522 539 5577 —ln
554 5521 651 5576 Christi
668 5525 777 5578 nornine
792 5526 919 5593 lctaldus,
968 5523 1076 5579 sissimo
1090 5539 1163 5595 rege.
1179 5555 1214 5570 -·
1229 5526 1285 5595 Ego
1309 5528 1463 5584 bodolenus
1478 5536 1680 5591 euttrtauuensis
1694 5534 1761 5590 sub·

134 5603 166 5640 ac
181 5589 202 5640 si
217 5597 347 5659 peccator
370 5592 520 5662 episeopus,
537 5593 588 5647 boc
602 5594 769 5661 privilegium
793 5595 866 5650 subs.
883 5624 918 5638 ·-

135 5658 305 5724 itigobertus,
341 5669 468 5729 peccator
494 5664 647 5732 episcopus,
676 5664 727 5718 hoc
751 5663 918 5734 privilegium

969 5593 1073 5664 scripsi.
1091 5613 1100 5644 r
