3810 6128
159 324 211 387 115
720 331 762 389 bd
785 329 861 389 iltt
882 333 911 387 S.
933 328 1104 390 COLUllBAE
1126 330 1191 389 hil.
1212 328 1244 390 11.
1732 325 1783 381 rto

160 456 256 500 vacum
272 459 279 496 ε
298 460 307 496 v
326 437 389 498 llaec
404 441 499 511 nubes,
511 441 550 499 ait
563 442 640 502 valde
652 443 904 500 ttocua'hnvuiuihus
916 452 944 500 ec
960 449 983 509 ,1
997 443 1153 514 capsellam,
1175 429 1285 498 dicans:
1304 458 1313 492 r
1331 438 1486 497 Benedictio
1502 455 1561 511 quae
1574 438 1600 496 in
1614 438 1665 496 itac
1679 442 1785 510 capsel·

157 533 302 607 pecoribus
328 533 407 598 erit:
434 533 541 605 hacque
564 531 608 590 die
629 533 751 591 velocius
775 534 947 589 transvolans
998 531 1061 587 lulla
1086 535 1250 598 continetur,
1275 531 1384 601 quando
1407 528 1440 584 ad
1469 530 1616 600 llauglnatu
1642 531 1784 601 pervenies

157 637 238 696 sepes
249 623 414 694 aliquantam
429 622 546 680 scothiae
561 631 685 695 partem,
700 623 818 695 pluviam
834 635 948 693 vespere
997 624 1166 688 visitandam,
1181 625 1207 679 in
1221 640 1297 694 aqua
1306 622 1443 679 vasculum
1456 621 1630 692 intinguatur,
1639 622 1786 693 eademque

158 713 297 771 1111111111
318 710 513 770 morbiferam:
538 727 598 784 qaae
621 714 713 784 gravia
740 721 769 768 et
803 713 946 783 purulente
996 715 1189 771 benedictionis
1205 731 1274 786 aqua
1289 729 1371 786 super
1387 713 1445 784 ejus
1460 712 1616 769 infundatur
1630 726 1739 784 coxam,
1757 724 1785 770 et

157 805 282 864 meanis
313 805 342 862 lu
366 804 537 876 corporibus,
556 814 585 861 et
609 805 636 860 in
659 819 788 876 pecorum
817 803 947 859 uberibus
995 805 1085 859 statim
1102 802 1518 861 invocatollciuomluecntale
1540 804 1718 874 coniungetur
1740 819 1783 871 ns,

159 898 235 956 nasot
261 896 344 955 taeiev
371 897 473 964 ulcera,
503 896 600 969 quibus
623 897 747 953 homines
771 895 896 960 morbidi,
918 904 946 950 et
997 901 1021 949 et
1038 893 1252 959 densabitur;et
1275 894 1458 964 s.nctarlago
1481 893 1590 963 plenam
1614 895 1786 964 recuperabit

158 986 330 1061 pecudeeillr
344 1000 481 1043 venenosa
494 986 663 1056 gravitudine
677 1000 762 1056 nsque
782 985 815 1040 ad
830 991 946 1040 mortem
996 985 1120 1040 salutem.
1137 1005 1146 1036 r
1163 983 1197 1066 lit
1208 985 1260 1042 hoc
1275 992 1385 1041 sanctus
1398 985 1519 1040 addidit:
1539 1003 1548 1037 e
1564 982 1603 1040 liu
1620 999 1671 1055 ego
1681 1000 1785 1057 ponant

157 1076 294 1135 molestati
307 1076 477 1133 laborabunt.
494 1075 612 1132 81111101
626 1089 721 1131 corum
738 1074 859 1130 miserati
883 1073 947 1128 sub·
996 1076 1023 1131 in
1038 1073 1116 1145 huJ‘us
1130 1075 1246 1146 capsulae
1271 1075 1402 1145 operculo
1417 1090 1560 1131 numerum
1587 1076 1679 1146 vigfnti
1701 1076 1783 1133 trium

158 1166 250 1225 tenire
265 1165 441 1236 languoribus
464 1165 578 1224 Sensim
592 1164 737 1220 miserante
751 1165 892 1220 debemus.
904 1163 947 1221 Τυ
996 1180 1140 1229 annorum,
1153 1155 1252 1236 quihus
1263 1179 1341 1221 sacra
1364 1165 1440 1234 virgo
1455 1164 1481 1220 in
1504 1165 1557 1222 hac
1576 1165 1702 1237 presenti
1724 1175 1787 1239 post

159 1272 234 1331 ego,
256 1258 377 1328 Silvane,
406 1275 478 1317 nunc
497 1275 604 1316 meeum
624 1257 834 1316 descendensde
854 1265 947 1312 monte
995 1256 1117 1315 mandem
1132 1255 1413 1311 salutemvicturaest
1426 1255 1520 1312 vitas

159 1349 358 1422 mvigctinnetu
373 1363 507 1421 praepara,
522 1350 642 1406 crastina
655 1348 700 1405 die
714 1348 768 1403 vita
794 1346 895 1403 comite
919 1353 946 1400 et
1029 1345 1095 1414 Quae
1107 1344 1197 1400 onrrria
1211 1345 1251 1400 sie
1262 1343 1341 1415 gilene
1355 1345 1461 1416 expleta
1477 1353 1551 1411 suut,
1566 1345 1645 1402 sicuti
1657 1361 1671 1401 a
1684 1342 1785 1403 Sancto

161 1438 214 1496 llco
225 1438 344 1507 roleate,
356 1453 371 1494 a
382 1453 427 1495 me
437 1453 508 1511 pane
522 1447 644 1511 accepto,
657 1438 705 1494 Dei
718 1438 843 1494 invocato
858 1434 947 1492 nonii·
995 1436 1132 1506 predicta.
1144 1435 1210 1491 Natu
1224 1437 1315 1494 statim
1330 1435 1449 1505 utLugai
1461 1438 1501 1493 lus
1511 1437 1544 1495 nd
1554 1447 1675 1494 sanctam
1688 1454 1786 1510 perve-

159 1544 199 1597 re,
213 1528 375 1595 benedicto;
391 1543 446 1600 quo
460 1529 595 1602 inaquam
621 1529 746 1594 intincto,
765 1527 890 1584 homines
912 1539 945 1582 ea
996 1529 1036 1583 nit
1050 1527 1190 1597 virginem,
1205 1542 1275 1598 aqua
1298 1527 1452 1592 bcnelictn,
1479 1527 1551 1584 sicut
1573 1527 1689 1586 Sanmus
1710 1545 1785 1586 eont-

160 1621 296 1693 conspersi
305 1629 334 1679 et
346 1635 446 1693 pecora
455 1621 572 1678 celerem
585 1621 784 1692 recuperabunt
794 1619 918 1674 salutem.
932 1635 942 1670 r
995 1618 1142 1685 mandarit,
1155 1617 1262 1689 perlusa
1276 1632 1355 1684 coxa,
1370 1618 1430 1674 siue
1458 1618 1511 1673 ulla
1534 1617 1640 1674 morula
1664 1619 1784 1676 conden-

190 1707 262 1779 Quid
274 1711 436 1768 moramur?
459 1711 508 1767 llie
531 1710 777 1780 crastinahisqurc
792 1708 944 1765 necessetas
995 1717 1056 1765 sato
1079 1720 1153 1774 osse,
1168 1708 1247 1779 plene
1261 1717 1354 1763 sanata
1377 1716 1435 1775 eet;
1450 1716 1478 1764 et
1504 1709 1531 1763 in
1555 1709 1672 1764 adventu
1697 1707 1783 1764 sancti

158 1809 235 1858 erant
247 1800 326 1858 citius
338 1801 508 1873 praeparatis,
535 1801 670 1867 Silvanus,
686 1809 799 1871 accepto
813 1799 849 1855 de
862 1813 943 1853 tnautt
960 1787 1133 1858 Bcolumbre
1159 1816 1220 1857 cum
1248 1800 1352 1870 ingenti
1372 1800 1519 1870 gratiarnm
1543 1799 1650 1855 actione
1672 1799 1784 1869 gavisa,

157 1890 249 1949 Sancti
262 1907 330 1964 pane
343 1892 533 1958 benedicto,in
544 1907 611 1962 pace
625 1890 845 1962 enavigavit.Cui
857 1890 944 1947 Sanc·
997 1893 1089 1964 viginti
1112 1893 1197 1949 tribus
1219 1892 1307 1956 antris,
1326 1892 1471 1947 secunlum
1487 1889 1578 1946 Sancti
1600 1888 1781 1961 prophetiam,

159 1991 199 2037 ts
221 1996 237 2036 a
261 1996 291 2037 te
315 1980 409 2037 eadem
434 1981 578 2051 emigranti
602 1981 669 2037 bora
694 1979 770 2036 addit
790 1980 842 2035 hoc
863 1978 944 2034 etiam
997 1993 1059 2055 post
1072 1985 1217 2040 sanitatem
1232 1982 1348 2037 inbonis
1362 1981 1640 2050 actibuspermaneus
1654 1980 1730 2033 vixit.

157 2075 365 2131 carmennum
381 2073 503 2141 verbum,
519 2073 612 2130 dicens
628 2091 634 2127 =
654 2093 664 2125 v
682 2071 803 2136 contrua,
821 2068 867 2136 fili,
884 2085 946 2126 ren·
1032 2072 1075 2130 tt.
1090 2074 1136 2131 vir
1150 2075 1211 2129 vitae
1225 2073 1414 2144 praedicabitis,
1431 2073 1510 2129 sicuti
1522 2073 1600 2128 nobis
1613 2073 1648 2127 ab
1662 2073 1783 2142 expertis

157 2164 324 2220 toshalebis
347 2165 490 2230 secundos,
518 2172 548 2219 et
572 2178 718 2233 prosperos
738 2161 783 2217 diu
806 2166 944 2230 noctuque
995 2166 1120 2224 traditum
1144 2177 1202 2235 est,
1233 2165 1399 2221 diversorum
1429 2164 1573 2233 languores
1599 2162 1784 2230 inllrmoruvn,

157 2256 311 2327 usquedum
322 2255 438 2311 adillam
449 2255 781 2327 perveniasregionem,ut
792 2251 944 2322 languenti·
995 2259 1120 2316 invocato
1134 2255 1236 2312 Christi
1249 2255 1358 2311 novariae
1372 2253 1425 2309 illis
1439 2253 1465 2309 iu
1480 2254 1575 2308 diebus
1590 2254 1704 2318 sacravit,
1720 2255 1782 2323 qui·

156 2348 202 2402 bats
226 2345 326 2402 ibidem
345 2345 460 2401 celerius
474 2361 535 2401 curn
549 2345 650 2401 salubri
665 2343 810 2400 subvenias
831 2356 940 2412 palte-r
995 2350 1045 2407 lpus
1059 2349 1093 2407 gd
1115 2364 1210 2418 regum
1232 2361 1346 2419 pergens
1365 2345 1529 2414 condictum,
1553 2346 1580 2401 in
1603 2345 1684 2401 dorso
1711 2353 1784 2400 umbe

157 2438 221 2509 onir
237 2414 469 2512 plumiSilvanus
485 2439 567 2494 verbu
594 2434 857 2493 obsecutus-Sancti
878 2448 942 2504 pro·
993 2439 1070 2497 brevi
1098 2448 1281 2496 commoratus
1304 2445 1347 2493 est
1361 2445 1493 2509 ternpore.
1518 2435 1584 2491 llam
1612 2446 1659 2491 uut
1683 2445 1785 2493 sanctos

156 2548 231 2605 spera
253 2539 281 2587 et
293 2531 375 2589 celeri
390 2530 573 2602 navigatione,
600 2529 748 2585 auxiliante
768 2528 893 2594 Domino,
909 2527 943 2583 ad
994 2547 1104 2602 monost
1114 2531 1280 2596 rotensione,
1292 2541 1339 2584 aut
1352 2543 1422 2599 aqua
1435 2529 1469 2585 ab
1482 2543 1515 2584 eo
1525 2528 1678 2594 benedicta,
1689 2526 1784 2599 aegroti

158 2639 237 2696 cupra
253 2635 429 2680 memoratam
445 2623 606 2694 perveniens
621 2630 741 2694 partem,
759 2620 831 2676 illius
855 2618 944 2689 regio·
994 2622 1086 2695 piures
1096 2622 1209 2694 aspersi,
1225 2621 1368 2677 autetiam
1387 2619 1498 2676 lambrias
1509 2619 1569 2690 ejus
1591 2628 1664 2676 tactu
1679 2620 1783 2691 arrrpbi-

157 2719 195 2774 n²s
209 2716 326 2789 plebem,
340 2715 374 2771 de
387 2729 440 2786 qun
454 2714 570 2771 Sanctus
590 2712 761 2785 praedixerat,
775 2710 942 2768 devastatam
995 2713 1060 2793 bati,
1075 2723 1123 2771 aut
1136 2714 1250 2785 alicujus
1261 2716 1311 2781 rei,
1327 2713 1392 2770 salis
1406 2711 1541 2781 videlicet,
1555 2712 1599 2770 vel
1612 2713 1689 2783 panis
1701 2713 1784 2769 hene·

157 2805 233 2863 nabis
246 2788 534 2877 pradictmuzorhilcra
549 2799 943 2876 reperitpluviasuperfluente
994 2801 1112 2859 deduce
1124 2810 1245 2885 accepta,
1268 2810 1297 2856 et
1317 2801 1433 2873 lymplrls
1454 2800 1579 2869 intincta,
1594 2799 1702 2872 plenam
1723 2812 1781 2857 ere·

154 2897 231 2954 citius
259 2896 458 2970 praecurrentis,
477 2896 654 2968 inprimisque
678 2895 720 2952 bis
745 2893 814 2950 terni
836 2891 887 2948 viri
914 2891 942 2948 in
995 2890 1090 2949 dentes
1103 2899 1300 2962 recuperarunt
1310 2891 1435 2947 salutem.

150 2987 248 3045 eadem
262 2988 331 3045 mari
346 2978 434 3044 vicina
452 2990 534 3044 domo
547 2986 649 3058 reperti
664 2986 691 3041 in
706 2985 837 3041 extremis
851 2991 941 3041 morte
1029 2982 1083 3040 1111.
1098 2983 1158 3040 Alio
1172 2983 1264 3040 itidem
1278 2983 1305 3039 iu
1320 2990 1452 3056 tempore,
1463 2982 1599 3056 quidemn
1618 2983 1718 3041 Sancto
1732 2996 1781 3056 pe·

140 3077 236 3149 positi
246 3079 492 3151 appropinquante,
510 3078 544 3133 ab
557 3077 652 3134 eodem
665 3075 775 3132 Silvano
796 3090 865 3146 aqua
888 3075 940 3133 be·
993 3081 1061 3130 tram
1073 3073 1138 3130 salis
1150 3072 1317 3129 benedictam
1332 3072 1448 3144 accepit,
1473 3073 1560 3129 sorori
1571 3080 1602 3131 et
1614 3087 1670 3130 suae
1683 3074 1781 3131 cunici

136 3168 312 3227 meliaienlc
324 3170 439 3242 aspersi,
451 3169 477 3224 in
492 3169 588 3226 cadem
608 3169 734 3241 praesenti
749 3168 793 3224 die
803 3177 935 3241 opportu—
955 3142 979 3208 0
994 3164 1160 3238 profuturam
1172 3163 1311 3221 oculorum
1324 3162 1428 3232 dolori;
1454 3178 1514 3236 qum
1532 3165 1688 3236 ophtalmiae
1703 3165 1782 3223 labo-

136 3261 214 3317 mius
237 3260 325 3317 sanati
338 3269 410 3316 sunt.
422 3259 504 3332 Cujus
517 3261 613 3317 subitae
626 3260 775 3316 servationis
789 3276 883 3316 rumor
894 3276 943 3332 per
993 3259 1071 3314 rabat
1085 3256 1161 3313 valde
1175 3256 1248 3325 gravi
1262 3255 1404 3326 languore,
1415 3253 1442 3311 ld
1453 3264 1506 3326 est,
1524 3255 1665 3313 oculorum
1675 3255 1781 3314 dolore.

131 3357 237 3406 totam
253 3351 328 3407 iilam
343 3350 439 3407 ntcrbo
454 3342 640 3423 pestilentiore
653 3361 786 3407 vastatam
800 3351 939 3422 regionem
993 3346 1085 3404 Talem
1103 3347 1236 3418 eulogiam
1260 3347 1354 3404 eadem
1374 3362 1452 3404 soror
1469 3354 1498 3403 et
1515 3347 1629 3405 dulnch
1648 3349 1683 3406 de
1700 3361 1783 3406 manu

129 3439 207 3496 «ito
222 3439 386 3510 divulgatus,
402 3456 511 3497 ornnem
539 3441 691 3497 morbidum
719 3440 753 3496 ad
778 3443 864 3497 sancti
887 3441 941 3498 Co·
993 3440 1082 3497 fratris
1100 3439 1245 3510 accipiens,
1267 3440 1295 3496 in
1308 3440 1411 3512 pariete
1425 3452 1506 3513 super
1519 3441 1618 3498 lectum
1629 3442 1781 3514 suspendit,

124 3525 249 3584 launa
262 3527 379 3600 legatam
400 3531 523 3588 invitavit
537 3531 676 3603 populum.
686 3532 737 3600 Qui
748 3532 825 3604 iusta
848 3531 941 3589 Sancti
991 3543 1109 3604 casuque
1123 3537 1184 3603 post
1198 3532 1350 3603 a'iquantos
1364 3531 1478 3603 coritigit
1494 3532 1562 3601 dies,
1578 3539 1608 3588 ut
1622 3533 1693 3591 idem
1704 3534 1781 3591 ricu-

117 3618 446 3678 wudatumlvomines
461 3632 489 3678 et
508 3638 618 3694 pecora,
640 3639 709 3695 pane
724 3625 837 3680 intincto
857 3625 941 3680 beno·
991 3623 1033 3679 lus
1056 3639 1116 3680 cum
1139 3638 1222 3695 supra
1245 3623 1324 3680 dieta
1349 3624 1511 3682 domuncula
1541 3625 1646 3683 feminee
1673 3624 1782 3683 damma

114 3708 235 3776 (lietu,
249 3723 319 3779 aqua
334 3711 496 3782 conspersit,
510 3720 537 3768 et
550 3712 680 3769 conduco
701 3712 806 3784 p'enam
827 3726 942 3782 recupe-
992 3720 1116 3770 vastante
1139 3721 1212 3770 tolus
1237 3722 1466 3772 concremaretur.
1494 3715 1591 3773 llirunv
1610 3716 1694 3784 dictu,
1711 3717 1783 3775 illius

112 3806 244 3855 nuta
271 3799 402 3867 salutem,
426 3801 549 3858 homines
571 3815 634 3858 cum
670 3802 817 3874 pecudibus
843 3801 940 3856 salvati
992 3807 1104 3875 parietis
1119 3805 1260 3876 particula,
1287 3821 1322 3862 ue
1335 3805 1407 3862 beati
1422 3807 1473 3863 viri
1487 3807 1514 3863 iit
1528 3823 1560 3864 ea
1575 3809 1712 3880 deperiret
1722 3826 1782 3866 sus·

112 3887 289 3946 (Llrrlstum
303 3891 436 3946 insancto
450 3891 581 3948 Columba
595 3907 654 3947 cum
674 3892 771 3947 eximia
786 3890 940 3959 pactarum
992 3907 1075 3964 pensa
1098 3895 1267 3961 benedictio,
1296 3904 1357 3965 post
1382 3903 1466 3951 totam
1494 3897 1645 3953 ambustam
1672 3899 1781 3954 domum

112 3978 419 4036 aerumnosarum.
436 3981 464 4036 ln
477 3981 530 4037 hac
544 3984 706 4053 enimsupra
724 3981 825 4052 scripta
843 3996 939 4037 narra·
991 3991 1066 4038 stans
1084 3983 1165 4040 illesa
1181 3982 1344 4054 permansio
1361 4000 1412 4041 uec
1426 3985 1584 4056 ignisausus
1597 3987 1782 4057 estattingere

112 4068 238 4134 “⁰⁰⁰2
252 4069 408 4135 11111ῦῦ1110,
431 4069 485 4127 (¹1¹⁰
500 4070 559 4126 haec
578 4070 720 4126 manifeste
733 4072 835 4141 pariter
854 4071 941 4127 corni·
991 4075 1104 4141 binales,
1130 4076 1157 4130 in
1178 4074 1276 4145 quibus
1288 4075 1347 4131 talis
1361 4075 1569 4146 pendebatsalis
1584 4084 1677 4148 petra,
1689 4077 1781 4134 sudes.

112 4158 253 4225 tantur,
273 4159 388 4226 hocest,
404 4161 489 4231 gratia
502 4163 716 4233 prophetationis
742 4162 776 4218 de
803 4164 886 4230 nube,
912 4171 941 4219 et
1027 4163 1092 4220 lttt.
1125 4165 1201 4221 Aliud
1229 4165 1386 4220 miraculum
1413 4166 1519 4222 aestimo
1547 4182 1600 4222 non
1628 4167 1782 4239 tacendum,

112 4249 238 4304 viram
250 4250 408 4307 minctum
422 4253 447 4306 in
466 4255 651 4324 agrotantium
675 4255 799 4310 sauvitate.
816 4257 878 4312 llaec
893 4271 942 4326 per
992 4256 1066 4326 quod
1081 4254 1227 4324 aliquando
1250 4254 1350 4312 iactum
1365 4265 1406 4312 est
1421 4271 1468 4328 per
1482 4257 1647 4314 contrarium
1661 4258 1781 4315 elemen-

112 4341 241 4394 omnic
263 4355 325 4396 cece
350 4342 487 4397 verissima
509 4344 678 4414 supradictus
696 4343 820 4402 Silvzmus
842 4347 941 4403 Christi
993 4357 1060 4404 tum.
1086 4346 1229 4404 llullorum
1244 4364 1361 4419 namque
1376 4351 1679 4407 transcusisaunorum
1694 4351 1783 4409 circu·

112 4432 245 4498 miles,
274 4433 361 4488 carneti
390 4432 492 4502 legans
519 4433 672 4501 columba,
699 4451 791 4491 coram
817 4435 940 4508 Segeueo
994 4441 1026 4497 lis
1048 4448 1110 4511 post
1130 4441 1201 4496 beati
1216 4440 1250 4496 ad
1275 4441 1416 4498 Dominum
1432 4442 1575 4499 transitum
1590 4443 1649 4509 viri,
1674 4446 1783 4516 quidam

112 4519 258 4585 thabata,
271 4528 300 4575 rt
313 4524 418 4577 crebris
432 4532 546 4579 testatus
560 4533 602 4579 est
616 4525 776 4582 senioribus.
991 4529 1099 4602 p'uvenis
1117 4530 1151 4587 de
1169 4545 1240 4601 equo
1262 4531 1350 4602 lapsus
1365 4533 1392 4588 in
1403 4530 1513 4589 domine
1527 4550 1642 4600 tnersus,
1666 4545 1694 4592 ct
1708 4551 1782 4592 mor·

184 4612 288 4668 ulio
299 4614 326 4668 iu
339 4622 470 4684 tempore,
482 4615 665 4671 ctvtnSanctus
677 4616 702 4670 iu
713 4617 942 4673 lovademorare-
995 4628 1066 4688 tuus,
1090 4621 1184 4690 viginti
1200 4622 1250 4677 suh
1264 4636 1333 4691 aqna
1348 4622 1442 4678 diebus
1457 4626 1614 4694 permansit.
1639 4626 1689 4694 Qvti
1701 4627 1783 4684 sicuti

112 4697 190 4756 {aar
200 4700 396 4771 insula,prima
404 4701 456 4757 diei
468 4703 532 4757 hora
543 4703 822 4773 quemdamadvocans
832 4705 943 4762 iratrem
993 4711 1043 4768 sub
1053 4711 1150 4766 ascella
1166 4711 1277 4778 cadens,
1298 4713 1380 4768 libras
1393 4714 1419 4768 in
1434 4715 1540 4785 pellicio
1552 4717 1706 4774 reconditos
1717 4733 1781 4775 sae·

115 4781 301 4861 Luguidum
325 4791 445 4856 notariae,
463 4793 552 4849 taliter
573 4810 635 4850 eum
657 4796 814 4867 compellat,
828 4799 940 4855 dicens:
993 4799 1054 4858 culo
1068 4800 1200 4867 habebat;
1215 4802 1252 4856 ita
1266 4802 1348 4857 etiam
1364 4812 1426 4875 pust
1439 4819 1517 4875 supra
1534 4817 1710 4864 memoratum
1724 4809 1783 4866 die·

127 4886 150 4922 «1
178 4880 311 4952 Pncpara
325 4883 379 4937 cito
394 4882 427 4936 ad
447 4884 584 4938 Seoth'nm
599 4885 716 4942 celerem
729 4888 940 4958 navigationem,
993 4908 1052 4948 rum
1066 4896 1391 4965 nurnerum'cstrepertus
1403 4911 1440 4951 sa
1450 4897 1539 4952 culum
1552 4913 1612 4951 curn
1627 4898 1700 4954 libris
1711 4899 1782 4955 ivvter

123 4973 209 5026 narn
222 4971 291 5026 milri
302 4970 379 5025 valde
390 4980 550 5028 estnceesse
563 4983 589 5028 te
601 4989 685 5044 usque
698 4975 731 5030 ad
741 4975 941 5034 chiliocherum
992 4982 1131 5039 brachium
1142 4990 1171 5038 et
1185 4982 1257 5038 latus
1268 4985 1420 5040 continens.
1436 4987 1517 5055 vajus
1531 4995 1559 5042 et
1573 4988 1606 5041 al
1621 4987 1724 5042 aridam
1738 5003 1781 5042 re·

129 5054 288 5118 *invinare
302 5061 432 5132 legatum.
450 5065 478 5118 ln
489 5065 619 5120 haeenim
634 5068 769 5138 praeterita
783 5079 864 5125 rvocte
877 5084 942 5127 casu
993 5080 1101 5143 portato
1121 5072 1262 5138 cadavere,
1283 5083 1310 5129 et
1333 5083 1428 5143 aperto
1449 5074 1570 5142 saeculo,
1589 5074 1680 5129 lolium
1695 5075 1781 5131 sancti

138 5147 241 5222 *liquo
254 5152 379 5225 llaugiua
391 5157 568 5225 sarvetavivgo
581 5155 820 5229 abOratnriopnst
832 5158 941 5217 llissam
992 5160 1130 5219 Columbae
1148 5163 1248 5220 sanctis
1267 5165 1396 5236 scriptum
1417 5166 1550 5237 digitulis,
1575 5165 1646 5220 inter
1665 5165 1780 5223 aliorum

144 5236 260 5298 domum
287 5259 396 5301 reversa
424 5249 563 5314 titubavit,
589 5264 712 5319 coxaque
741 5251 799 5320 ejus
822 5251 848 5306 in
875 5254 942 5310 duas
993 5251 1055 5307 solia
1076 5251 1204 5309 librorum
1225 5270 1278 5309 nnn
1302 5264 1403 5310 mutum
1416 5263 1558 5325 corrupta,
1585 5252 1632 5309 sed
1647 5262 1781 5325 etputre·

152 5335 243 5390 tonina
261 5345 288 5390 ta
303 5344 346 5391 est
359 5347 461 5407 partes.
477 5337 540 5394 ttae
554 5341 653 5409 saepius
666 5355 756 5395 meum
771 5342 942 5399 inclamitans
994 5342 1072 5408 lecta,
1088 5343 1225 5399 inventum
1241 5353 1283 5400 est
1297 5344 1370 5399 nullo
1390 5359 1434 5399 mo
1454 5352 1654 5414 oeorruptunr,
1671 5358 1702 5398 ac
1716 5343 1738 5398 si
1753 5345 1779 5399 in

158 5432 249 5480 domun
264 5440 472 5494 commemorat,
486 5444 501 5483 a
516 5429 629 5486 bertuino
640 5445 752 5502 sperans
768 5447 799 5488 ee
815 5441 941 5506 acceptu·
992 5433 1093 5488 scrinio
1103 5441 1174 5488 esset
1185 5435 1362 5489 reconditum.

162 5524 208 5570 tarn
220 5532 268 5588 per
281 5533 327 5574 me
337 5519 562 5575 consulationem.
578 5539 587 5573 s
1028 5521 1072 5578 111.
1080 5523 1141 5578 Atio
1154 5538 1270 5593 namque
1284 5532 1417 5592 tempore,
1427 5537 1488 5578 eum
1500 5522 1614 5578 Sanctus
1624 5538 1650 5576 nv
1662 5538 1709 5580 sun
1720 5539 1781 5580 ver-

189 5608 255 5676 curu
270 5611 366 5681 plural
386 5608 505 5681 lugaido
519 5612 716 5671 obsecundanti
731 5623 940 5700 eiconsequen·
991 5622 1098 5671 caream
1121 5613 1356 5685 peregrinatione,
1381 5615 1467 5668 mlans
1489 5613 1514 5668 ei
1534 5629 1582 5683 per
1596 5625 1722 5684 parentes
1746 5617 1781 5673 nd

163 5702 343 5774 teremiqranti
351 5701 465 5758 Sanctus
473 5703 579 5774 pineam
591 5705 673 5761 tradit
682 5722 742 5764 cum
751 5709 941 5767 benediccione
991 5705 1181 5780 baptizandum
1196 5702 1309 5761 ollcrtur
1323 5703 1375 5762 lter
1388 5703 1489 5776 agenti.
1506 5703 1537 5760 St
1552 5704 1615 5780 quia
1640 5706 1666 5762 in
1687 5708 1781 5766 vicinis

296 5836 430 5905 Persou.
454 5836 659 5898 cxxxt’ttt.
1237 5861 1242 5866 ·
1603 5834 1650 5896 aa
