3810 6128
135 276 184 335 Μ
682 279 728 336 iiii
746 279 830 339 ttitt
848 278 880 339 S.
902 275 1077 336 cobbtttsm
1093 278 1160 338 titt.
1179 278 1201 338 i.
1712 279 1764 337 tbtt

135 398 219 463 tnqse
232 393 393 462 occupatus,
422 387 459 444 ita
481 394 511 444 ιι
534 401 616 460 supra
635 386 781 446 bumanam
807 388 924 461 postibi·
936 389 1047 458 Abuuc
1069 403 1130 446 esse
1155 390 1244 447 uirum
1267 401 1443 460 cognosceus,
1468 389 1503 447 de
1524 403 1580 460 quo
1602 389 1704 460 pridem
1715 390 1765 447 ali·

133 481 237 539 litatem
257 479 468 551 uniuscuiusque
481 479 588 551 pondus
601 479 727 553 specialis
741 481 832 550 operia
845 479 925 537 ride·
975 480 1083 552 quando
1095 489 1204 539 sauctus
1215 480 1345 538 Columba
1356 481 1513 553 prophetice
1523 481 1683 539 vaticinatus
1696 489 1761 540 est:

133 580 219 630 rrtur.
236 573 270 629 iit
293 572 367 629 iuter
379 570 438 629 baec
460 571 585 627 omnibus
598 571 708 640 marus,
723 572 836 628 hilarem
850 585 923 627 sem·
978 571 1122 642 «untias,
1136 573 1182 640 ait,
1202 572 1258 629 Deo
1273 588 1334 630 meo
1352 586 1433 643 aqere
1446 558 1532 631 debeo
1546 575 1655 646 quidem
1669 576 1695 633 in
1717 583 1763 630 tuo

134 662 293 736 periaciom
306 662 458 730 osteudens,
473 672 629 720 sanctorum
655 662 747 734 specie
764 661 925 733 sanotiSpi·
974 662 1101 730 adventu,
1115 662 1173 720 lilii.
1197 664 1251 720 Sed
1271 673 1298 720 et
1320 665 1373 720 buc
1395 664 1577 722 indubitanter
1591 666 1671 735 scito,
1691 667 1764 739 quod

132 753 310 826 ritusqaudio
323 754 351 810 in
374 753 477 810 intimis
490 752 674 809 lartiiicabatur
686 751 854 824 praecordiis.
974 761 1066 810 noster
1079 755 1228 812 monachus
1241 771 1293 811 nnn
1311 755 1373 812 eris.
1394 775 1404 810 s

165 844 201 902 ii.
224 846 341 904 Sanetus
363 844 505 904 fintenus.
520 845 567 915 qui
586 853 682 915 postea
710 859 760 915 per
783 843 924 901 mnemon
1009 842 1068 900 lioc
1091 844 1202 902 audiens
1216 845 1295 901 vaide
1316 847 1490 903 contristatus
1512 845 1593 903 iniit:
1612 866 1622 901 t
1639 847 1762 907 Forsitan

133 938 277 996 Scotorum
300 936 437 994 Ecclesiae
459 936 538 992 raide
561 935 701 992 noscibilis
726 934 836 992 babitus
871 942 925 1003 est,
973 948 1025 1006 eqo
1049 936 1173 1006 tndqnus
1198 947 1259 994 tuus
1281 954 1335 995 uon
1364 953 1470 996 mereor
1493 939 1552 997 lieri
1569 918 1761 997 inonachus.»

133 1045 148 1089 a
167 1028 267 1103 puerili
289 1035 372 1085 aetate
393 1028 577 1098 integritatem
591 1028 680 1084 ramis
701 1034 729 1084 et
743 1027 851 1094 aalma,
866 1027 924 1085 beo
973 1024 1071 1082 S-nior
1084 1039 1281 1099 cousequenter
1294 1030 1400 1101 inquit:
1423 1050 1433 1084 r
1451 1031 1509 1087 Non
1524 1030 1612 1103 quod,
1634 1039 1664 1088 ut
1682 1031 1764 1100 dieb,

132 1116 287 1189 adlamme,
311 1116 479 1182 custodient,
506 1116 603 1173 studiis
615 1115 794 1173 dialecticalis
811 1115 924 1188 sapidas
973 1119 1098 1190 indignus
1112 1136 1199 1191 esses,
1213 1123 1267 1179 boc
1279 1123 1350 1191 disl3
1368 1124 1416 1180 sed
1429 1125 1554 1194 quamtis
1566 1123 1720 1183 maluissem
1738 1135 1766 1182 tc

132 1208 254 1277 deibus,
268 1208 322 1265 boe
334 1208 501 1280 propositum
515 1208 541 1264 in
556 1208 635 1264 annis
644 1207 795 1279 juventutis
806 1220 924 1263 eonver-
973 1211 1044 1282 apud
1057 1227 1102 1268 me
1115 1213 1242 1283 retinere,
1255 1215 1409 1270 mandatum
1420 1223 1512 1273 mmen
1524 1215 1611 1271 sancti
1625 1214 1765 1272 Columbae

132 1300 247 1361 namin
261 1299 345 1358 eorde
355 1298 459 1366 babuit,
471 1307 502 1355 ut
511 1307 634 1356 nmirum
648 1307 770 1355 mucium
784 1308 799 1336 ¹
812 1297 924 1355 (loibu-
973 1303 1027 1360 mei
1052 1303 1203 1362 tieientorls
1228 1305 1371 1378 profanare
1396 1320 1450 1361 non
1470 1320 1590 1375 possunt,
1619 1320 1760 1376 perquem

131 1388 372 1461 hantunam
386 1389 525 1475 teuteus,
540 1387 872 1459 panormitanum.
973 1394 1090 1467 spirtus
1106 1396 1303 1455 onerante
1317 1396 1496 1468 propnetam.
1511 1394 1624 1466 ittaque
1638 1395 1762 1453 utenttn

143 1480 268 1540 {odem
290 1491 409 1540 estuans
429 1482 564 1539 desiderio
577 1481 611 1538 ad
624 1480 769 1553 quemdam
781 1480 857 1538 radit
878 1495 924 1540 se-
972 1484 1025 1549 toii
1045 1500 1167 1543 morsum
1190 1486 1351 1558 pmpbetioo
1372 1487 1413 1542 sie
1433 1486 1614 1558 prolatusore
1627 1486 1698 1543 inter
1711 1503 1765 1543 cn,-

133 1575 237 1635 mem
250 1575 303 1634 albi
324 1576 453 1646 amicum,
480 1575 508 1631 iu
520 1589 569 1632 sua
582 1573 923 1647 qenteprudentissltaum,
973 1581 1032 1632 tera
1046 1577 1131 1632 dixit:
1145 1576 1210 1634 llaec
1228 1593 1299 1645 mea,
1320 1593 1337 1636 o
1350 1577 1513 1643 batthenee,
1538 1576 1667 1635 intentius
1679 1577 1764 1634 debes

132 1667 369 1739 modumque
390 1667 531 1735 clericum,
557 1667 604 1739 qui
622 1666 731 1725 scotice
751 1668 923 1725 vocitabatur
974 1663 1180 1734 audirererba3
1205 1668 1296 1724 statim
1309 1681 1426 1738 namque
1437 1673 1499 1740 post
1511 1682 1599 1723 meum
1614 1667 1649 1724 de
1663 1666 1716 1724 boe
1728 1666 1762 1722 ad

133 1758 316 1829 'colambtm
332 1767 364 1817 nt
382 1760 416 1817 ab
426 1775 461 1818 eo
480 1759 631 1842 prudentie
650 1759 728 1831 quasi
748 1759 860 1830 aliquod
870 1774 924 1817 au·
939 1749 962 1810 ii
974 1752 1111 1812 Christum
1125 1757 1223 1813 rmculo
1233 1764 1431 1830 exspectatum,
1452 1766 1480 1814 et
1492 1756 1569 1814 raide
1580 1756 1762 1814 desideratum

136 1847 209 1907 diret
221 1850 376 1908 comittunt.
390 1849 439 1907 Cui
453 1865 514 1908 eum
526 1865 591 1908 suos
604 1850 672 1908 tales
684 1850 834 1907 denudaret
847 1850 922 1922 eopi-
973 1845 1128 1913 transitum,
1148 1845 1257 1917 quidam
1271 1847 1307 1903 de
1324 1846 1418 1907 Seotia
1432 1845 1527 1914 irater,
1547 1845 1593 1916 qui
1607 1861 1679 1902 nunc
1689 1844 1760 1901 bene

133 1940 274 2008 mico
287 1942 362 1999 abeo
376 1957 536 2014 responsum
545 1943 666 2010 accepit:
677 1959 688 1997 r
698 1941 838 2009 isumus
849 1942 923 2000 esti·
970 1935 1116 2007 iuvenilem
1140 1937 1220 1995 bonis
1232 1939 1353 1996 moribus
1370 1952 1453 2009 sqens
1466 1947 1585 2005 etatem,
1609 1953 1693 1994 sacre
1707 1937 1763 1994 iee-

133 2046 187 2100 mo,
203 2031 273 2090 adeo
291 2032 452 2105 inspiratum
473 2033 656 2105 devotumque
678 2033 843 2090 desiderium
862 2032 924 2104 quis
973 2028 1056 2086 tionis
1066 2030 1132 2088 satis
1144 2029 1240 2087 studiis
1254 2030 1385 2099 imbutus,
1400 2031 1510 2089 nomine
1522 2030 1661 2096 fintenus,
1676 2028 1711 2086 ad
1723 2040 1762 2097 te,

131 2123 277 2195 minitere
286 2133 387 2199 potest,
402 2142 438 2184 ue
447 2128 481 2185 ad
491 2135 614 2185 sanctum
625 2127 785 2184 columbam
800 2135 923 2183 transna—
972 2119 1093 2191 iuquam,
1103 2123 1263 2193 pervenient
1272 2123 1410 2180 humiliter
1421 2122 1613 2194 expostulabit,
1628 2130 1658 2178 ut
1671 2122 1760 2194 ipsum

131 2214 382 2285 riqamdebeasir
975 2212 1126 2283 suscipiens
1163 2215 1234 2271 inter
1269 2224 1383 2273 ceteros
1414 2229 1576 2272 annumeres
1603 2213 1763 2271 monachos.

159 2304 265 2365 &dem
280 2308 348 2364 bora
361 2322 426 2365 man
439 2307 587 2366 adveniunt
602 2306 656 2365 duo
684 2308 812 2365 mousebi
836 2307 923 2365 sancti
972 2305 1027 2365 set
1041 2308 1095 2364 boo
1111 2308 1138 2365 ei
1161 2308 1189 2364 in
1216 2308 1262 2373 liei
1277 2308 1445 2379 praescientia
1466 2307 1684 2380 predestinatum
1706 2322 1761 2363 non

132 2396 279 2468 monta,
289 2399 335 2470 qui
348 2399 383 2456 de
395 2414 445 2456 atta
459 2399 618 2470 tnnrroqatt
631 2398 825 2466 ambulatione,
840 2416 850 2451 t
868 2397 924 2453 iiu-
972 2398 1263 2470 est,ut·tpseaticujus
1275 2398 1523 2465 ileretmonanbum
1547 2397 1595 2454 sed
1617 2404 1645 2455 et
1666 2411 1762 2454 mona·

130 2504 187 2564 per,
200 2490 288 2560 alunt,
303 2490 338 2549 de
351 2488 489 2548 britanna
505 2532 513 2554 .
531 2493 696 2563 remigantes
709 2490 790 2548 bodie
804 2490 924 2548 allobo-
972 2489 1086 2547 eborum
1097 2489 1191 2560 abbas,
1203 2498 1231 2544 et
1239 2489 1388 2545 auintarum
1409 2488 1466 2545 dux
1477 2488 1512 2545 ad
1522 2487 1633 2547 caeleste
1648 2500 1761 2557 reguum

129 2588 187 2637 reto
199 2580 332 2638 eminae
349 2599 412 2634 r-r
428 2579 564 2653 sospesne
582 2590 634 2648 est,
647 2581 685 2638 ait
696 2580 853 2647 Columbae,
863 2595 924 2638 rea·
972 2577 1038 2637 olim
1047 2578 1150 2636 electus
1164 2595 1179 2634 a
1192 2579 1246 2636 beo
1262 2589 1312 2635 est.
1323 2576 1492 2654 iiobisilaeqt
1505 2574 1577 2648 iioii]
1587 2578 1678 2648 itaque
1689 2576 1761 2633 bunc

130 2676 170 2729 lte
181 2670 314 2728 Goluama
325 2680 435 2729 mamm
446 2671 544 2728 Pater!
561 2691 571 2726 r
588 2671 640 2741 Qui
659 2672 738 2728 valde
751 2671 922 2745 illacrymati,
972 2678 1150 2727 memoratum
1158 2670 1245 2727 virum
1255 2671 1282 2727 in
1296 2671 1337 2727 bis
1347 2671 1448 2727 nostris
1465 2666 1537 2740 apud
1553 2675 1579 2723 te
1590 2667 1708 2723 retinere
1717 2665 1761 2722 iu-

129 2774 188 2817 en
202 2774 302 2831 magro
312 2760 441 2818 diaenmt
452 2775 584 2819 moerore:
597 2761 665 2818 iere
676 2760 767 2818 sairur
778 2767 821 2818 eat
830 2768 924 2817 noster
971 2762 1094 2831 antiqno
1111 2770 1140 2817 et
1149 2761 1198 2818 liei
1211 2761 1342 2818 voluntati
1352 2760 1489 2818 contraire
1503 2758 1627 2816 ridearis.
1638 2755 1691 2814 Sed
1704 2756 1762 2813 baec

129 2846 323 2922 diepatroaun
336 2851 383 2923 qul
392 2851 537 2908 hisdiebus
547 2865 634 2923 nuper
643 2849 771 2920 migrarit
779 2850 814 2908 ad
832 2849 923 2908 Cbrit·
972 2852 999 2909 ei
1012 2852 1138 2909 intimans
1149 2852 1240 2919 rerba,
1255 2853 1289 2909 ati
1302 2852 1421 2912 scotiam
1433 2852 1459 2907 in
1471 2865 1536 2922 pace
1546 2849 1679 2918 rcnrittas,
1692 2859 1721 2904 ut
1734 2847 1762 2904 in

129 2940 304 3010 monibus
312 2940 412 2998 auditis
424 2940 553 2998 iiiutenus
568 2948 597 2997 et
607 2939 768 3009 columbus,
784 2948 812 2997 et
826 2954 922 2998 omnes
972 2941 1164 3013 Laginensturn
1176 2943 1272 2999 ricinis
1291 2943 1358 2999 mari
1373 2940 1470 3000 tinibus
1489 2940 1682 2999 monasterium
1695 2953 1763 2996 con·

130 3030 174 3102 qai
193 3030 294 3088 ibidem
319 3030 448 3100 inerant,
474 3031 617 3103 prostratio
637 3030 664 3087 in
686 3038 786 3087 terram
806 3030 924 3088 mitione
974 3041 1078 3102 strum,
1099 3044 1128 3093 et
1150 3036 1248 3093 ibidem
1274 3036 1373 3092 christi
1392 3035 1480 3092 orium
1499 3048 1613 3105 pascens
1641 3046 1762 3105 qreqcm,

131 3132 222 3178 auare
232 3120 341 3180 iiererr.
369 3120 498 3179 liintettns
516 3130 715 3192 consequenter
735 3129 921 3193 percontatur,
935 3091 960 3157 c
973 3125 1172 3183 innumerasad
1182 3126 1294 3200 patriam
1309 3126 1413 3182 animas
1423 3123 1560 3193 coeiestem
1574 3123 1729 3194 perducas»

129 3208 221 3269 Μ
231 3229 240 3266 ²
251 3228 264 3264 ⁸
277 3209 363 3280 iim
376 3220 473 3283 potire
485 3225 671 3269 licentiorem
678 3211 807 3280 retiquttt
816 3210 924 3267 -bat
1008 3214 1072 3273 llaec
1082 3217 1194 3273 audiens
1205 3226 1313 3273 sanetus
1325 3215 1426 3286 junior,
1440 3213 1548 3270 Cbristo
1558 3214 1690 3286 lacrymas
1700 3213 1764 3269 iun·

130 3299 362 3369 tieammaisat,
376 3317 455 3359 suum
467 3301 618 3358 domnum.
632 3300 818 3372 Omnibusque
829 3301 923 3359 elauri-
972 3306 1226 3380 detumuitgratias,
1237 3308 1375 3380 inquiens:
1389 3305 1555 3363 amandum
1562 3304 1765 3362 rancttcoiun·

130 3390 261 3457 militib
275 3389 390 3463 mettin
400 3400 425 3447 θ’
439 3389 726 3459 dtiiimissiilumiffl
735 3390 770 3447 δᾶ
781 3390 923 3451 i’itttenuur
972 3396 1014 3454 bar
1027 3399 1210 3470 propheticam
1219 3396 1760 3470 iiatutibietmirabliempraescientiam.r

131 3480 187 3538 ab:
208 3480 280 3550 Quid
290 3481 326 3537 ad
336 3481 405 3552 inme,
417 3482 540 3549 Firrteue,
559 3482 663 3539 iacies?
682 3482 734 3551 Qui
744 3483 921 3554 respondeus,
1009 3487 1057 3545 ilis
1069 3489 1186 3561 denique
1200 3489 1289 3546 rctbis
1302 3497 1457 3545 sanctorum
1473 3488 1679 3558 obtemperans,
1706 3494 1763 3542 eta

132 3572 188 3629 ait:
206 3593 217 3627 ι
231 3571 262 3630 Si
272 3571 400 3631 iiomlnm
411 3575 574 3644 penntsnrtt,
596 3575 631 3631 ad
640 3573 819 3632 llattireneum
835 3575 923 3633 airum
973 3577 1125 3635 iiattbeneo
1139 3579 1274 3652 accipiens
1288 3578 1513 3646 benedictionem,
1528 3578 1555 3633 in
1570 3592 1638 3648 pace
1649 3577 1684 3633 ad
1696 3576 1766 3633 Sco·

130 3673 254 3722 tamtam
279 3667 469 3738 etsapleptem
481 3668 647 3739 enariqnbm
675 3677 705 3726 et
726 3669 749 3726 ei
768 3683 813 3727 rne
829 3684 923 3727 susee-
973 3671 1038 3726 tiam
1052 3670 1275 3742 transnavigavit.

132 3757 213 3828 petit,
226 3756 314 3829 ipsum
329 3757 455 3815 abbatem
466 3759 582 3816 bababo.
601 3778 611 3813 t
1011 3762 1052 3819 ili.
1073 3762 1134 3819 Alio
1158 3763 1186 3820 in
1207 3771 1328 3833 ternpore
1340 3761 1381 3817 sir
1395 3761 1489 3819 beatus
1516 3760 1543 3816 in
1568 3759 1765 3816 mediterranea

166 3846 236 3904 Tum
260 3848 357 3906 deinde
378 3865 459 3921 supra
476 3860 656 3907 memoratum
667 3852 827 3908 colonibum
842 3868 923 3908 oscu-
974 3853 1109 3911 iliberniae
1131 3863 1206 3927 parte
1228 3853 1445 3924 monasterium„
1459 3853 1531 3924 quod
1545 3853 1652 3910 Sentice
1668 3851 1766 3908 dicitur

133 3936 212 4006 Ιιιιι,
238 3949 267 3996 et
292 3941 457 4011 valedicens,
476 3943 673 4013 navigationem
698 3944 875 4014 praeparabat,
895 3950 924 4000 et
975 3946 1115 4016 iiairmnq,
1144 3945 1234 4001 divino
1248 3943 1364 4002 iurtdens
1377 3954 1455 4011 nutu,
1476 3961 1525 4017 per
1541 3945 1644 4016 aliquot
1671 3945 1765 4000 demo·

132 4030 250 4088 sinesiis
258 4032 673 4106 mondatrananariqanstoram
683 4035 923 4093 derenitimttianr.
974 4045 1049 4095 ratur
1064 4050 1179 4092 menses.
1205 4036 1295 4092 Libuit
1308 4035 1399 4092 animo
1413 4037 1523 4092 visitare
1540 4036 1653 4103 iratres,
1676 4038 1721 4105 qni
1738 4036 1765 4091 iu

133 4118 167 4178 Et
195 4125 312 4181 necdum
352 4126 380 4182 ln
414 4127 442 4183 id
472 4128 711 4199 temperiemque
741 4127 924 4196 nomenoius
975 4128 1081 4185 cloensi
1095 4127 1186 4185 Sancti
1200 4125 1298 4183 Cerani
1311 4127 1435 4183 omnobio
1452 4127 1669 4184 commanebant.

134 4210 162 4267 it
182 4211 225 4270 bis
251 4214 320 4271 iocis
340 4225 519 4274 eratnoturn.
549 4217 625 4274 llndc
645 4225 672 4272 et
694 4216 828 4288 imprimis
847 4218 923 4287 quasi
1011 4218 1108 4274 Audito
1133 4217 1225 4288 itaque
1245 4217 1303 4288 ojus
1323 4232 1432 4275 accessu
1456 4217 1574 4273 universi
1601 4216 1718 4286 undique
1730 4217 1765 4275 ab

134 4301 242 4372 quidem
266 4305 374 4373 ignotus
393 4307 492 4378 bospes
502 4306 674 4378 hospitaliter
686 4315 850 4378 susceptum
870 4307 924 4363 ala
975 4309 1270 4378 aqettuttsnonasterto
1281 4308 1392 4376 rit-inis,
1413 4323 1475 4365 curn
1494 4307 1537 4364 bis
1551 4308 1596 4379 qui
1608 4306 1706 4363 ibidem
1721 4307 1765 4363 in·

136 4392 179 4451 die
198 4397 395 4455 internuntium
414 4400 448 4456 ad
462 4399 642 4458 Battbeneum
667 4402 760 4469 mittit,
785 4401 844 4471 eius
857 4402 924 4459 allo-
939 4400 1050 4498 „renti
1064 4409 1139 4468 sunt,
1162 4399 1328 4470 congregati,
1356 4399 1505 4456 cumomni
1525 4398 1664 4455 alacritate
1687 4414 1766 4456 suum

134 4485 271 4543 eationequ
288 4485 357 4545 laoie
367 4489 401 4545 ad
415 4490 511 4546 iaciem
523 4490 625 4547 bebere
639 4492 742 4560 rolens,
756 4493 803 4564 qni
816 4500 847 4548 ut
866 4500 925 4549 erat
975 4503 1171 4563 consequentes
1193 4492 1319 4548 abbatem
1334 4490 1496 4560 diitberum,
1512 4491 1586 4562 quasi
1601 4490 1697 4560 unqeto
1713 4490 1767 4548 tto-

134 4572 260 4641 aiiabilis,
282 4586 310 4633 et
330 4580 478 4649 peregrinis
501 4581 665 4651 appetibilia,
684 4581 762 4651 jubet
781 4583 815 4638 ad
838 4584 925 4639 soad-
975 4582 1040 4640 mini
1062 4583 1170 4640 obuiam
1192 4584 1293 4654 egressi
1307 4584 1404 4640 raliurn
1428 4582 1603 4651 monasterii,
1626 4582 1765 4639 unanimes

129 4664 208 4724 daei.
221 4664 274 4735 Qui
284 4670 378 4724 statim
392 4669 534 4737 adductus,
546 4672 634 4742 primo
649 4681 679 4728 ut
692 4673 828 4741 seniebat,
849 4674 926 4730 ilexis
975 4681 1099 4744 pergunt,
1124 4673 1324 4743 humiliatisque
1348 4673 1375 4727 in
1390 4679 1490 4727 terram
1506 4671 1633 4737 vultibus,
1648 4685 1682 4726 eo
1695 4670 1766 4740 riso,

130 4759 249 4829 genibus
270 4760 411 4818 interram
429 4776 460 4818 se
473 4765 628 4833 prostravit,
641 4765 767 4836 risusque
782 4781 796 4820 a
818 4767 926 4823 seniore
975 4778 1038 4821 cttm
1059 4765 1132 4819 omni
1145 4764 1296 4820 reverentia
1319 4763 1490 4819 exosculatus
1507 4768 1548 4817 est
1562 4761 1596 4817 ab
1606 4761 1664 4829 eis;
1689 4761 1766 4832 bym-

106 4860 112 4865 ·
130 4860 230 4906 sancto
243 4852 343 4922 surgit:
358 4861 388 4908 et
399 4853 521 4911 resident
534 4854 717 4924 interrogatur
735 4857 924 4927 aliattbcneo,
976 4857 1071 4927 trisque
1091 4865 1120 4913 et
1134 4856 1257 4913 laudibus
1273 4861 1441 4921 resonantes,
1463 4852 1614 4909 bonoriiice
1628 4851 1661 4907 ati
1676 4854 1768 4909 eccle-

103 4968 109 4977 ·
129 4938 224 4998 attam
243 4940 329 4998 inscio
351 4942 386 5000 de
398 4953 480 5015 sente
502 4953 531 5001 et
557 4945 709 5017 provincia,
721 4948 926 5018 nominequeet
976 4950 1044 5007 siam
1059 4949 1257 5022 perducebaut;
1283 4947 1481 5017 quamdamque
1495 4946 1531 5003 de
1557 4946 1636 5016 liquis
1650 4944 1766 5017 pyrami-

130 5036 353 5101 eotrreraatione.
373 5047 402 5094 et
413 5055 464 5111 pro
478 5055 531 5110 qna
542 5055 623 5097 causa
633 5040 724 5095 inierit
747 5038 927 5108 navigationis
976 5041 1038 5098 dent
1053 5054 1117 5111 erpa
1137 5050 1261 5098 sanctum
1285 5039 1503 5096 deambulantem
1521 5039 1767 5106 constringentesa

104 5118 267 5179 -iaborem
290 5122 344 5191 Qui
371 5126 408 5181 ita
432 5126 613 5196 iuterrogatus
627 5127 716 5182 omnia
736 5126 926 5195 perordinem
976 5144 1093 5204 quatuor
1115 5132 1180 5189 siris
1200 5145 1278 5202 mque
1302 5130 1500 5186 ambulantibus
1520 5126 1674 5198 supportari
1697 5124 1767 5180 iece-

132 5219 519 5289 summmutrusriperetur,
535 5219 672 5274 humiliter
685 5220 849 5289 expostulat.
976 5230 1058 5279 ruunt:
1076 5224 1244 5280 neridclioet
1261 5233 1371 5280 sanetus
1390 5223 1481 5278 seninr
1494 5219 1625 5275 Columba
1646 5217 1767 5295 ejtrstiem

170 5301 222 5360 cut
231 5315 351 5374 namus,
361 5307 454 5365 senior
462 5309 505 5366 iris
516 5309 551 5366 ab
560 5308 665 5380 bospite
676 5309 786 5377 auditis,
794 5309 927 5381 simulque
976 5311 1089 5371 instrum
1100 5315 1277 5370 multitudinis
1290 5313 1486 5382 corratipatione
1498 5309 1700 5374 molestaretur.

139 5483 186 5547 „⁸
210 5477 253 5535 tn
270 5479 331 5538 aliis
356 5479 532 5538 columbanus
550 5484 653 5539 dicitnr.
668 5483 784 5540 iirntuu.
978 5486 1007 5541 in
1031 5486 1078 5540 ilie
1106 5485 1193 5540 insuia
1214 5484 1305 5539 miritis
1340 5482 1386 5536 diu
1406 5481 1551 5544 Scotorum
1580 5485 1769 5555 Pictorumque

170 5544 187 5630 ξ
203 5549 329 5605 Diversus
343 5551 422 5621 plane
443 5567 458 5607 a
474 5553 602 5609 Ceiutnba
617 5563 710 5610 nostro
725 5555 773 5611 iuit
792 5563 820 5611 et
834 5556 925 5613 alter:
978 5555 1087 5626 populis
1109 5554 1265 5609 venerabile
1281 5552 1387 5608 mansit.
1406 5552 1450 5610 iiic
1479 5558 1605 5615 videbere
1626 5556 1768 5623 columbi,

123 5620 416 5698 'prtmusdoctoriidei
428 5623 586 5679 Christianae
599 5621 831 5681 'irnrtsmontanue
846 5624 927 5682 Pit-tis
978 5639 1050 5680 nunc
1071 5640 1086 5678 a
1113 5622 1250 5693 non-nuttir
1264 5622 1415 5692 coraposito
1438 5647 1453 5684 a
1473 5629 1541 5686 celin
1556 5639 1584 5685 eq
1599 5625 1770 5683 columbario

139 5687 171 5743 ati
182 5687 342 5760 equtoueu
364 5692 520 5764 primusque
540 5693 662 5751 lundator
683 5696 839 5753 monasterii
853 5697 927 5768 quod
978 5692 1256 5752 nourinesniuutceiii
1270 5702 1488 5761 ascalonitem.
1506 5715 1541 5770 tr,
1555 5715 1614 5774 cup.
1631 5698 1676 5755 qq,
1688 5697 1770 5756 barn.
