3810 6128
130 271 181 330 bid
485 271 647 328 insaniit
669 269 757 326 llum
771 269 877 326 cinit.
897 263 1095 340 centuriati
1114 266 1257 327 dennuni
1279 269 1368 326 PARS
1387 269 1410 325 l.
1709 260 1769 320 m
1790 279 1807 296 ·

131 388 169 444 lle
183 401 235 460 quo
248 385 542 450 arcuartaszttnutu.
559 386 612 440 lllia
626 384 703 450 Sion,
935 394 960 447 Α
976 386 1108 441 Aur'dirrm
1124 385 1157 441 rle
1169 385 1235 441 llore
1247 400 1353 456 gerens,
1368 385 1403 438 de
1418 384 1493 453 lruqe
1507 383 1637 448 letamen,

165 475 266 543 litatus,
279 477 413 543 Salvator,
430 473 486 531 llex
498 484 559 530 tuns
572 487 635 530 occe
651 474 734 528 saeuit.
1009 479 1089 547 spem
1103 486 1130 534 ot
1142 479 1202 533 coeli
1215 492 1311 545 panem
1326 478 1398 546 spica
1415 473 1427 513 l
1440 474 1547 530 novella
1559 486 1669 544 gerens.

133 570 290 624 decendens
308 570 411 624 asinam
426 582 518 637 super,
532 575 578 621 aut
591 565 673 621 asine
688 578 794 634 quoque
806 560 919 632 pullum,
973 571 1053 637 cnjus
1063 579 1123 625 erat
1143 572 1228 634 stella,
1244 581 1269 626 er
1280 570 1320 625 sul
1336 568 1482 624 nnntutinns
1493 566 1519 619 in
1534 567 1605 620 airu.

169 671 181 697 ⁶
198 661 346 730 Quadrigas
366 660 479 730 perdens
494 675 526 714 ex
544 660 655 725 Eiraim,
673 667 700 714 et
712 672 822 727 equum,
1009 663 1076 716 lulra
1095 677 1183 716 arcam
1195 662 1361 717 :runcornteos
1373 659 1471 727 fulgida
1488 659 1550 712 luna
1563 656 1654 725 jubar.

133 753 209 808 Urtrle
221 754 399 811 etutietreas:
416 752 451 807 Et
462 761 499 816 tu,
512 752 608 820 inquit,
622 751 759 807 Bethleem
777 750 905 821 Epicrate,
975 752 1132 809 ,ianiculum
1146 762 1256 822 portans
1271 767 1369 822 aqumn
1380 750 1572 821 antiquumque
1582 748 1723 819 gigantem

169 842 297 896 l'arvulus
310 842 335 896 in
352 840 418 911 lurda
433 842 549 896 millibus
565 842 622 910 ipse
637 855 742 898 manes.
1009 845 1101 914 Deque
1114 845 1183 901 tribu
1193 843 1260 899 luda
1276 843 1321 914 qui
1333 844 1375 900 leo
1391 843 1467 899 lortis
1481 850 1550 898 erat.

132 933 290 1004 Egredictur
301 933 345 1003 qui
359 934 511 988 dominatur
526 935 551 989 iu
570 935 694 989 israeles
709 945 744 999 te,
973 936 1079 994 cornua
1095 936 1245 1006 producens
1256 935 1354 990 uitulus
1368 949 1417 989 ceu
1433 932 1623 1000 rhinocerotis,

168 1025 351 1095 egressusque
366 1027 530 1094 notensejus
541 1025 575 1080 ab
588 1026 676 1079 initio.
982 1007 992 1018 ’
1010 1027 1128 1096 Arduus,
1143 1026 1222 1082 elatis
1238 1026 1357 1091 naribus,
1374 1024 1426 1080 alta
1443 1022 1571 1078 tremens.

132 1115 235 1173 Lumen
245 1127 398 1172 sanctorum
412 1117 440 1172 in
452 1116 651 1188 splendoribus,
667 1132 699 1170 er
718 1126 794 1170 utero
808 1129 887 1186 quem
976 1118 1103 1190 llegnlus,
1119 1130 1198 1188 atque
1209 1117 1290 1188 aspis,
1303 1116 1403 1172 cedunt
1416 1115 1459 1171 oui
1470 1124 1565 1170 cuncta
1578 1125 1695 1176 nenena,

169 1210 237 1262 Ante
251 1216 278 1262 ct
299 1205 451 1263 Lucilerum
473 1207 666 1277 progenuitque
677 1219 762 1276 pater.
1010 1213 1118 1286 vipera,
1131 1210 1140 1250 ¹
1151 1227 1198 1268 sen
1208 1211 1308 1281 dipsas,
1319 1226 1393 1280 seps,
1403 1209 1495 1274 draco,
1507 1204 1659 1272 cenchris,l
1673 1204 1771 1266 burlra.

133 1299 269 1354 ilivores
285 1314 384 1353 sanans
398 1307 505 1353 nostros
520 1298 602 1354 livore
619 1299 709 1365 beato,
976 1305 1106 1361 Parvulos
1116 1304 1177 1375 ipse
1191 1319 1272 1374 puer,
1285 1316 1398 1372 persona
1414 1310 1517 1356 reutsta
1528 1301 1645 1366 dierum,

171 1392 203 1446 Et
215 1401 319 1446 ueteres
331 1391 449 1446 maetrlas
463 1390 601 1461 sanguinis
619 1402 630 1429 ⁰
647 1406 728 1447 amne
739 1392 842 1447 lauans.
1010 1396 1226 1467 Egresuscujus
1237 1405 1289 1451 stat
1303 1395 1361 1450 sine
1377 1394 1519 1464 principio.

135 1483 157 1539 0
173 1482 247 1551 virgo
262 1481 384 1551 insignis,
402 1482 533 1552 nobisque
551 1481 654 1537 medela
669 1479 683 1520 ‘¹
697 1482 827 1539 monades
975 1485 1058 1556 Cujus
1068 1486 1164 1543 dill'nsa
1178 1487 1205 1542 in
1218 1487 1294 1541 labiis
1308 1495 1350 1541 est
1363 1487 1446 1556 gratia
1470 1484 1591 1539 norons:

171 1574 255 1641 Quam
268 1573 337 1628 Deus
351 1573 471 1641 implerit
484 1573 565 1628 totius
580 1573 654 1628 orbis
664 1587 726 1643 ope.
1015 1574 1028 1616 ¹¹
1044 1576 1159 1648 insignis
1172 1574 1259 1633 lomna
1272 1591 1326 1646 prae
1340 1575 1438 1646 genitis
1448 1574 1599 1630 bominum.

136 1666 253 1735 Qunaeque
264 1675 411 1721 creatorem
427 1665 546 1720 meruisti
556 1672 651 1721 uentre
664 1673 768 1733 tenere,
975 1668 1112 1738 Gaiusque
1126 1677 1167 1723 est
1177 1667 1267 1723 oriens
1280 1683 1312 1722 er
1325 1667 1380 1722 alto
1391 1681 1488 1721 nomen
1503 1664 1625 1722 lionoris.

174 1761 186 1789 θ
202 1756 234 1811 Ει
247 1771 376 1826 generare
390 1756 474 1811 Deum
489 1757 657 1826 concipiente
672 1756 734 1811 ilde.
941 1752 966 1812 B
1013 1758 1064 1827 Qui
1076 1772 1135 1823 nos,
1148 1757 1239 1813 lumen
1252 1772 1345 1829 agens,
1359 1757 1450 1812 visitat
1461 1758 1487 1810 in
1502 1755 1630 1810 tenebris.

136 1848 293 1904 llrmdatura
305 1865 376 1904 novo
390 1860 466 1919 partu
477 1850 511 1907 de
522 1850 634 1907 erimine
646 1850 787 1919 mundum,
978 1851 1029 1919 Qui
1040 1848 1113 1905 r'enit
1126 1849 1159 1904 dc
1171 1848 1268 1916 Edem,
1280 1849 1314 1905 de
1326 1850 1407 1904 bosra
1425 1861 1499 1904 veste
1508 1856 1633 1912 cruenta,

173 1945 262 2008 strnue
275 1955 350 1996 sacro
363 1939 418 1996 letu
435 1942 605 2013 progenitura
621 1941 714 1998 [teum.
926 1940 929 1945 '
1013 1940 1138 2010 Pulcher,
1152 1941 1325 2012 sanguineus,
1339 1940 1478 2005 candidus,
1491 1950 1572 2009 atque
1585 1938 1677 1995 ruber.

138 2028 261 2083 llumano
275 2030 365 2100 generi
378 2032 469 2101 percutit
483 2047 551 2100 quos
568 2033 622 2087 Eva
638 2033 754 2098 dolores,
909 2043 911 2047 '
978 2032 1136 2090 Calcaturus
1148 2041 1207 2088 erat
1218 2031 1262 2102 qui
1279 2029 1289 2070 ¹
1307 2029 1380 2087 solos
1394 2031 1510 2085 torculur
1521 2031 1615 2094 sitnm,
1631 2022 1636 2034 '

173 2122 281 2175 (iurarit
294 2122 412 2192 genitus,
430 2125 505 2192 virgo
521 2121 614 2189 llario,
627 2133 699 2179 tuus.
1015 2117 1035 2163 ὼ
1051 2125 1078 2180 ln
1093 2140 1172 2181 cruce
1193 2123 1357 2194 pensandus,
1370 2125 1489 2178 merulura
1503 2136 1597 2176 cruore
1613 2120 1720 2175 levans.

139 2211 245 2267 Peccati
263 2213 352 2278 jaculo
369 2212 458 2267 delixa
478 2212 505 2267 in
523 2212 608 2282 stirpe
620 2213 731 2268 cicatrix
941 2205 942 2209 ’
979 2216 1056 2274 Unde
1067 2218 1116 2273 sibi
1130 2216 1207 2272 mista
1222 2224 1261 2273 est
1273 2216 1341 2271 stola
1357 2215 1480 2280 candido,
1494 2216 1574 2268 tincta
1586 2212 1698 2276 rubore.

174 2300 269 2356 Ulcera
283 2301 353 2354 nrrtta
367 2303 449 2370 gerit,
464 2315 513 2355 nee
527 2316 575 2356 sinn
592 2301 666 2371 signa
682 2310 784 2372 patent.
1015 2317 1028 2345 ¹¹
1045 2308 1130 2375 Quem
1143 2316 1215 2377 post,
1228 2318 1324 2361 antero
1336 2321 1414 2377 qrnna
1430 2321 1483 2360 non
1500 2304 1571 2360 bons
1582 2303 1651 2358 rullus
1664 2301 1728 2359 erit.

139 2392 241 2451 Succos
253 2408 360 2448 amarus
372 2393 442 2447 enim
458 2393 532 2448 rotiti
546 2392 581 2448 de
592 2393 694 2449 cortice
709 2393 785 2464 ligni,
980 2400 1060 2469 Curius
1076 2397 1240 2454 transcendit
1254 2413 1328 2453 sacra
1345 2395 1541 2468 magnilicentia
1557 2403 1571 2432 ⁰
1586 2394 1698 2458 contum,

173 2485 265 2540 Stante
278 2482 465 2554 Redemptoris
475 2482 510 2538 de
518 2498 597 2538 onice
611 2483 688 2539 dulce
699 2485 781 2554 sapit.
1015 2493 1117 2547 Cuncta
1128 2506 1225 2562 regens
1240 2490 1337 2558 palma,
1351 2491 1449 2555 sideru,
1466 2504 1541 2555 rura,
1559 2488 1637 2543 freta.

140 2579 197 2638 Sub
208 2578 277 2647 pomi
290 2578 380 2647 specie
390 2591 462 2632 mors
476 2584 539 2633 tuuc
551 2578 586 2633 dc
598 2573 692 2632 lron'de
710 2575 855 2646 pependit,
982 2579 1048 2648 Quis
1060 2590 1086 2635 te
1098 2589 1161 2634 tuuc
1175 2578 1283 2642 sensus,
1302 2579 1407 2634 bomini
1423 2577 1465 2645 pia
1480 2586 1577 2643 mater,
1593 2575 1720 2641 babebat,

177 2673 254 2729 Nunc
267 2681 327 2726 tuus
340 2680 382 2726 est
395 2682 498 2736 uterus,
510 2669 573 2724 irinc
585 2670 671 2735 cibus,
683 2669 746 2724 inde
759 2667 842 2724 salus.
1017 2670 1084 2727 Cum
1103 2670 1157 2738 tibi
1166 2671 1226 2725 talis
1241 2680 1299 2725 erat
1313 2669 1394 2738 letus,
1411 2669 1512 2725 bonore
1527 2667 1629 2725 novusi

139 2765 238 2822 fructu
251 2774 340 2820 sarrcta
356 2765 399 2835 pio
409 2763 542 2818 renovasti
555 2772 675 2832 tempora
690 2776 790 2824 rerum,
982 2762 1093 2818 l‘raemia
1107 2773 1206 2832 quauta
1221 2770 1326 2818 uterum
1336 2760 1496 2830 implebam,
1507 2767 1535 2815 et
1547 2758 1642 2830 gaudia
1662 2764 1776 2831 pectus.

175 2857 351 2925 lucidiorque
363 2857 432 2925 dies,
445 2866 471 2911 te
489 2865 633 2928 generante
647 2902 655 2926 ,
673 2853 750 2910 nitet.
1020 2854 1154 2911 Coelorum
1166 2854 1295 2910 artificem
1311 2869 1371 2909 cum
1384 2863 1427 2908 tua
1442 2853 1527 2909 lerret
1540 2851 1657 2908 bumusl

141 2950 203 3000 lust
215 2958 340 3002 teneoras
352 2946 437 3001 solem
459 2943 469 2983 ¹
490 2955 600 3001 revocat
615 2953 677 3000 tuus
696 2945 807 2999 eleusin
823 2941 928 3010 orbem,
983 2946 1005 3003 0
1019 2945 1121 3002 meritis
1132 2955 1146 2996 e
1157 2944 1273 3011 radians,
1292 2943 1348 3009 dio,
1364 2945 1450 3014 uirgo,
1468 2955 1580 3013 putasne
1594 2941 1705 3000 ridebas

176 3039 242 3093 Cum
257 3039 364 3094 Domini
377 3039 479 3109 jubaris
491 3039 630 3095 irradiavit
643 3052 722 3107 apes.
1018 3036 1161 3106 angelicos
1174 3050 1269 3091 cursus
1282 3036 1338 3101 ire,
1354 3035 1444 3091 redire
1459 3036 1563 3090 norosl

139 3133 170 3186 ln
182 3141 208 3186 te
222 3132 346 3186 babitans
360 3129 453 3186 mundi
464 3130 555 3186 lumen
568 3129 683 3184 statione
698 3142 821 3196 corusca,
945 3102 967 3161 c
984 3125 1105 3185 Militiam
1120 3125 1253 3182 coelicum
1267 3135 1294 3182 te
1305 3140 1414 3182 serrare
1426 3124 1545 3181 vicissim

178 3220 280 3275 Floruit
294 3220 406 3276 interius
421 3233 467 3288 per
483 3228 526 3274 tua
544 3220 664 3283 membra
678 3218 757 3286 bens,
1020 3218 1144 3276 sentires
1156 3218 1264 3283 animo,
1278 3233 1350 3289 sepe
1364 3217 1453 3274 lerata
1468 3233 1560 3273 manu.

143 3321 157 3360 r
172 3312 245 3367 Nunc
256 3314 332 3366 nitar
348 3311 434 3381 lolqor
447 3320 590 3381 penetrans
601 3319 628 3366 et
640 3310 674 3364 ad
689 3310 740 3364 ima
753 3307 886 3378 profundi,
982 3312 1047 3381 erae
1060 3312 1131 3368 eirca
1147 3321 1174 3368 te
1188 3313 1272 3379 acies,
1288 3311 1331 3367 rel
1346 3310 1453 3382 quando
1464 3310 1515 3366 iter
1529 3311 1569 3364 ire
1584 3323 1706 3378 parares,

177 3401 276 3457 Orbem
289 3401 347 3466 alit,
363 3411 434 3455 astra
448 3405 525 3468 repit,
541 3411 639 3456 tartara
655 3401 715 3456 luce
728 3399 823 3468 replet.
853 3404 856 3411 ’
1018 3403 1101 3458 blillia
1118 3417 1283 3473 praegressus
1295 3400 1500 3457 concomitando
1515 3398 1594 3456 tuosi

35 3534 36 3537 ι
142 3492 225 3566 Cujus
240 3493 331 3548 murrdi
351 3508 403 3549 uuo
416 3501 459 3548 est
472 3493 529 3547 truc
544 3491 668 3547 machina
684 3500 750 3544 tecta
767 3489 877 3560 pugillo,
983 3496 1051 3565 Quid
1063 3496 1176 3552 blicltael
1191 3495 1289 3551 luceret
1301 3495 1407 3564 ductor,
1421 3494 1472 3549 sub
1483 3492 1603 3564 principe
1615 3492 1704 3559 celso,

179 3585 320 3640 Clauditur
339 3585 364 3638 in
381 3585 465 3650 ibris,
481 3594 554 3637 casta
577 3580 676 3652 puella,
693 3582 754 3635 tuis.
1019 3584 1089 3654 Quid
1100 3592 1207 3655 gereret
1221 3584 1345 3654 Gabriel,
1361 3584 1471 3641 nuntius
1486 3583 1532 3640 ille
1544 3581 1641 3639 sacerl

142 3674 933 3745 supportanslabrioatainbrumatquelrumana'l'onantem,
983 3675 1103 3744 Qualiter
1112 3685 1158 3730 aut
1173 3675 1294 3746 Rapbael
1305 3691 1446 3732 occursum
1463 3674 1631 3746 impenderet
1643 3673 1743 3744 alne,

179 3766 285 3838 Virqula
305 3768 432 3836 radicem,
450 3768 518 3823 lacta
537 3769 653 3824 creantis
667 3784 756 3837 opem.
1019 3769 1057 3824 'le
1071 3779 1204 3838 portante,
1223 3767 1269 3824 Dei
1280 3770 1343 3824 dum
1360 3777 1436 3838 putat
1447 3783 1509 3825 esse
1520 3766 1672 3824 tlrronurnl

143 3859 263 3928 Qualiter
277 3859 322 3914 illa
337 3876 434 3914 uorum
449 3868 593 3915 tenuerunt
603 3858 706 3914 viscera
722 3859 822 3921 lumen,
984 3859 1070 3916 Credo
1085 3855 1153 3915 alter
1166 3870 1276 3932 cuperet
1289 3861 1387 3929 plantis
1397 3861 1570 3916 substernere
1584 3857 1705 3931 palmas:

180 3951 256 4016 Quod
269 3951 351 4006 decus
362 3951 433 4007 iutrrs
446 3961 515 4019 erat,
530 3952 624 4017 quisue
638 3950 725 4004 ltnuor
735 3949 796 4004 inde
807 3947 898 4004 lorasi
944 4007 949 4015 ,
1021 3949 1069 4005 llle
1080 3963 1192 4005 excussa
1205 3949 1271 4004 alar
1286 3948 1451 4004 subnitidare
1467 3949 1549 4004 viam.

144 4038 246 4095 Gaudia
260 4050 357 4111 quanta
373 4043 447 4096 siuns
460 4041 552 4096 biluris
566 4050 626 4095 tuus
641 4040 685 4094 ille
702 4041 828 4105 uelreltat,
985 4038 1100 4097 Duceret
1111 4040 1163 4095 iste
1174 4055 1254 4096 auras
1268 4055 1303 4096 ne
1315 4048 1342 4096 te
1354 4040 1443 4110 gravis
1458 4047 1548 4094 ureret
1563 4047 1657 4105 aestus,

179 4132 247 4188 Cum
260 4144 304 4188 tua
317 4134 436 4189 membra
451 4149 584 4203 premens,
598 4133 656 4201 plin
671 4132 810 4187 relevabat
823 4131 910 4187 onust
1021 4131 1067 4188 llle
1082 4131 1174 4186 leuans
1189 4132 1283 4201 pinnas
1301 4139 1388 4186 vertat
1400 4140 1428 4185 ut
1444 4130 1529 4184 imber
1542 4144 1633 4200 aquas.

146 4220 215 4278 Tum
230 4224 353 4294 genitrix,
364 4223 398 4279 de
408 4223 479 4279 iasce
492 4224 571 4288 levis,
597 4223 630 4278 de
644 4222 719 4292 prole
734 4221 862 4285 salrtbris.
987 4224 1038 4279 late
1052 4221 1085 4278 ad
1101 4222 1175 4278 irena
1192 4237 1300 4277 manum
1318 4222 1447 4285 retinens,
1462 4235 1496 4275 ne
1509 4222 1614 4275 sarcina
1626 4220 1726 4293 lapset,

186 4317 252 4373 ilem
266 4315 416 4390 splendoris
431 4315 542 4381 itabens,
559 4315 603 4370 lua
615 4330 701 4384 noque
718 4314 820 4385 pondus
830 4323 897 4371 orat.
1022 4316 1077 4372 Neo
1089 4330 1135 4386 pes
1145 4312 1263 4370 offettdat
1277 4312 1391 4382 pendula
1404 4323 1415 4352 ¹
1428 4312 1504 4367 turba
1520 4321 1601 4367 uetat.

182 4515 329 4582 «naonis,
343 4527 435 4567 currus
449 4510 556 4578 perdens
571 4509 736 4580 Epitrormos.
751 4495 807 4580 nt,
822 4508 856 4564 Et
876 4513 975 4573 euml)
1024 4518 1036 4544 ·
1055 4508 1172 4572 Febris,
1196 4518 1220 4561 et
1240 4521 1361 4575 qenerme
1376 4507 1455 4560 diem.
1476 4505 1519 4558 Sic
1533 4480 1611 4558 etiam
1625 4501 1785 4568 bron-uns,

147 4585 316 4711 'uilium‘
329 4581 510 4706 ‘llxatfflrlit'i'r't'roe's
524 4659 728 4704 nostrossonous
989 4576 1352 4715 lipgpiilrnraffdilzplpoetsugd
1373 4577 1476 4648 legatur
1492 4584 1516 4630 a
1537 4590 1657 4647 metm
1677 4570 1782 4640 ‘hum'

224 4673 240 4709 n
310 4692 317 4709 .
384 4692 403 4716 .,
731 4689 737 4704 .
1285 4685 1293 4700 .

184 4739 197 4767 ·
214 4724 292 4789 lbid.,
302 4738 378 4777 omne
389 4722 465 4775 louet.
988 4666 1005 4721 q
1024 4717 1034 4758 ¹
1048 4719 1125 4782 ibid,
1138 4730 1183 4772 tuo
1193 4717 1386 4772 reooootoluus.

186 4794 330 4863 duujusoe
343 4793 430 4847 atatis
444 4790 620 4860 scriptoribus
635 4790 662 4845 in
683 4804 756 4846 more
773 4791 821 4846 luit
835 4793 933 4848 lletsm
1022 4799 1035 4836 t
1050 4789 1077 4843 ln
1093 4789 1152 4844 lat.
1164 4789 1243 4850 cod..
1259 4786 1425 4842 Teneritas.

151 4863 310 4934 bicordem(
320 4872 348 4917 ut
366 4861 554 4916 animaduertit
573 4861 660 4916 Brow.
673 4860 681 4921 l
694 4865 847 4930 appellare,
862 4863 933 4933 quod
1022 4857 1036 4896 ¹¹
1049 4859 1159 4928 ibidem,
1173 4859 1272 4912 nrroello
1285 4861 1378 4928 serens.
1397 4859 1433 4911 lta
1446 4867 1473 4914 et
1486 4856 1592 4914 Febris.

149 4948 235 4994 mater
250 4933 330 4990 luerit
343 4932 460 4986 omnium
476 4931 632 4987 viventium.
650 4930 742 4986 llonm
756 4933 865 5003 quippe,
876 4934 935 4989 sire
1025 4927 1032 4966 ί
1052 4929 1171 4992 Febris..
1187 4928 1341 4998 dictumue,
1357 4943 1426 4998 seps.

148 5011 247 5072 unitas,
258 5016 298 5060 est
310 5003 470 5059 elementum
483 5001 595 5070 sirrrpler
611 5017 643 5056 nc
658 5005 784 5072 primum,
800 5006 870 5071 quod
883 5019 931 5072 pro
1023 4997 1030 5049 i
1049 4999 1127 5061 ibid..
1143 4999 1241 5070 ltylrlt:
1257 4999 1339 5063 lorte,
1355 4999 1452 5065 qurlris.

148 5094 228 5135 causa
244 5076 362 5144 principe
383 5081 540 5143 trsurpatur;
556 5073 625 5140 quod
643 5073 697 5141 ipsa
713 5089 820 5128 omnem
836 5090 931 5129 tturue·
1019 5067 1032 5106 ¹¹
1048 5068 1075 5123 lu
1088 5069 1154 5125 Cod.
1174 5069 1245 5137 ilat„
1257 5068 1384 5135 speciosus
1399 5068 1500 5136 formu
1516 5061 1671 5136 Fabric.,0
1689 5067 1783 5138 ferato

148 5166 207 5206 rum
223 5148 323 5218 gignat,
338 5161 353 5199 a
368 5144 442 5199 nullo
458 5159 568 5198 numero
582 5144 679 5204 pertita.
697 5143 772 5200 Unde
785 5143 932 5199 llercurius
985 5139 1101 5194 rudinus.
1118 5190 1120 5193 .

151 5219 341 5288 Trisrnesslstus
352 5215 377 5269 in
390 5214 549 5269 l’imandro:
564 5211 667 5276 Mones,
680 5213 727 5276 ait,
740 5218 852 5268 outmum
863 5214 931 5282 prin·
1025 5208 1033 5247 ¹
1052 5209 1169 5274 Fabric„
1184 5207 1322 5270 toreularia
1336 5209 1417 5263 tolus.

125 5287 130 5309 ⁶
148 5292 263 5357 cipiunt,
285 5288 361 5340 coriis
385 5296 408 5340 et
427 5285 508 5354 oripo,
532 5296 584 5337 etc.
612 5283 668 5338 lloc
690 5283 780 5352 itaque
803 5285 829 5337 iu
850 5298 931 5338 sensu
1021 5289 1041 5318 ¹¹²
1058 5280 1175 5341 llrid.,t'n
1188 5294 1261 5335 crure
1275 5279 1434 5345 psallendus.

150 5373 239 5415 ruonm
250 5359 292 5413 tel
305 5356 339 5412 de
351 5356 381 5411 S.
401 5357 483 5412 llario
499 5355 568 5408 lrioa
590 5353 735 5408 Fortunato
751 5354 910 5422 praedicatur
924 5371 931 5406 :
1020 5350 1070 5405 ¹’lu
1082 5351 1148 5404 llod.
1163 5350 1234 5416 liat,
1244 5365 1320 5421 quern
1330 5363 1400 5416 onte,
1413 5359 1436 5405 et
1446 5348 1485 5403 tel
1492 5356 1549 5420 post
1558 5361 1633 5420 quent
1646 5363 1698 5404 non
1712 5347 1787 5403 lieres

153 5431 222 5498 quod
236 5429 270 5485 ab
279 5428 336 5496 ipsa
350 5424 546 5496 qurudarmnodo
559 5425 611 5477 rita
624 5425 733 5490 incepit
744 5424 934 5490 lrominilrus,a
986 5420 1057 5477 ullus
1072 5422 1129 5473 erit.

152 5515 215 5562 rua,
237 5513 285 5554 ceu
310 5498 359 5550 llos
381 5512 412 5549 cs
438 5497 510 5562 virga
535 5495 621 5558 lesse,
642 5508 718 5548 ortus
740 5504 782 5550 est
800 5494 935 5551 Christus.
1024 5490 1170 5552 enutrio..
1186 5489 1272 5558 sotor.

151 5514 367 5638 licomsl'altric.
383 5566 422 5619 sic
434 5565 496 5634 lego
510 5563 580 5618 bunc
594 5578 699 5618 sorsum
717 5582 722 5617 :
1026 5560 1129 5626 nibil,
1146 5558 1169 5614 0
1185 5560 1394 5626 lermoradimu.

213 5680 234 5731 0
246 5683 315 5745 virgo
327 5682 436 5744 insignis,
448 5684 526 5731 mater
539 5679 586 5757 pia,
599 5675 680 5729 nubile
690 5689 785 5728 semen.
1029 5641 1042 5739 ’,Ι
1056 5630 1255 5775 ἓέἳ’ᾇζξυξᾞ
1267 5632 1473 5760 'pffzw‘mm
1485 5699 1590 5759 mm!
