3780 6120
126 276 179 332 553
578 272 659 329 t't'iit
678 272 709 330 S.
731 270 863 327 ttzntttvt
883 270 1125 329 CARNOTENSiS
1146 270 1313 330 uniscunt.
1712 274 1765 331 stt

126 402 265 461 opponens
279 401 331 441 oon
353 387 440 441 solum
465 385 570 457 inigura
584 397 610 440 et
626 386 755 452 tonitrua,
771 392 960 455 tempesta-A
1009 384 1052 439 ii.
1075 384 1116 439 ttb
1136 384 1186 440 bae
1209 387 1298 455 itaqoe
1322 386 1469 442 tentatione
1482 384 1537 440 lico
1558 398 1588 441 se
1608 394 1766 458 protegente

127 492 179 539 tero
198 482 375 547 cortritantia,
393 481 454 536 iecit
467 482 670 552 conquiescere,
690 492 718 537 et
732 482 759 536 io
781 482 920 550 pristinam
971 483 1098 544 ereptos,
1117 476 1230 547 contigit
1241 485 1270 530 nt
1294 477 1352 545 ipse
1371 477 1416 546 qui
1440 477 1553 532 aliorum
1570 476 1767 534 infirmitatibus

129 573 347 643 tranquillitatem
362 573 434 629 aeris
449 574 650 644 quassationem
666 574 767 638 redire,
784 572 832 628 sed
846 571 922 627 inan·
971 570 1113 624 assilierat
1129 568 1261 634 tnetiicus,
1284 569 1376 624 cancri
1400 568 1510 624 vnlnere
1536 578 1719 638 percuteretur
1737 569 1765 624 itt

129 682 175 736 per
189 667 321 737 quidquid
337 666 414 722 celle
435 667 462 720 in
482 665 623 736 stipendiis
637 665 799 729 debebatur,
816 664 866 719 sob
881 664 921 718 io·

130 761 254 831 tegritate
265 757 396 812 ccolerri.
409 758 481 811 iliius
491 757 613 812 miraculi
626 757 808 826 spectaculum
818 771 832 809 a
844 755 922 811 beato

130 852 185 908 tiro
213 861 350 920 patratam
376 849 410 905 ati
435 849 541 905 taudem
565 849 611 904 liei
638 858 680 905 est
704 847 833 904 memoria
858 846 923 903 reti·

130 942 257 997 netrdutn.

163 1032 191 1087 8.
213 1031 283 1087 llum
296 1031 415 1086 beatos·
428 1029 719 1101 AEtberiuscplsccpos
733 1030 840 1086 beatum
854 1029 923 1085 Len·

130 1122 221 1179 Ιιὶιιιιιιι
235 1122 349 1191 iirajaco
362 1119 457 1196 [lirun]
482 1132 510 1177 ut
525 1123 576 1178 sibi
589 1120 766 1178 occurreretb
787 1136 923 1178 convoca·

131 1221 181 1277 ret,
197 1212 316 1282 contigit
328 1221 358 1266 ut
379 1212 464 1267 ticina
486 1210 647 1267 iiiinsceiiae
669 1211 799 1282 quidquid
814 1211 921 1266 obvium

130 1306 200 1365 edax
219 1306 292 1376 ignis
311 1307 450 1361 invenerat
464 1304 644 1371 exurendum,
659 1304 726 1360 nilrii
741 1314 863 1373 parceret
877 1320 922 1359 re·

130 1396 315 1469 ttaqoesdorn.
336 1396 389 1452 Sed
411 1411 472 1451 com
497 1395 623 1451 monachi
648 1394 715 1449 tauti
731 1408 858 1464 vaporem
882 1391 921 1447 io·

127 1490 217 1546 oerrdii
240 1504 408 1559 nequaquam
424 1488 530 1558 injectis
544 1487 620 1555 aquis
639 1493 750 1557 possent
764 1484 921 1554 reprimere,

128 1580 178 1637 aeti
189 1590 220 1637 ιιι
235 1581 387 1646 uideuatur,
404 1580 491 1649 potius
505 1580 593 1650 ignem
607 1579 646 1635 eis
659 1578 817 1634 viderentur
827 1592 923 1633 accen·

127 1673 209 1738 dare,
224 1671 268 1728 vir
284 1672 330 1727 net
345 1671 482 1727 Leobious
496 1670 662 1726 orationibus
673 1670 730 1725 suis
744 1680 772 1726 et
786 1671 921 1740 iacrymis,

974 659 1103 724 naribus;
1123 660 1244 728 quidum
1268 659 1461 714 monachorum
1478 661 1604 728 precibus
1626 670 1768 731 rogaretur

972 762 1000 805 ιιι
1014 751 1065 804 sliri
1077 751 1196 805 irumaon
1206 749 1325 817 quolibet
1334 751 1422 805 studio
1434 754 1601 816 moderetur,
1616 751 1675 821 ipse
1688 760 1766 807 teter-

973 860 1008 898 oo
1019 844 1105 899 iideos
1118 845 1145 898 in
1161 845 1281 910 medico,
1294 847 1337 914 qoi
1352 847 1410 901 snio
1426 847 1507 901 verbo
1522 857 1598 901 curat
1608 846 1709 914 cornia,
1722 861 1767 901 ce·

972 950 1029 990 tam
1044 937 1213 991 benedictam
1229 952 1372 1005 perannos
1395 936 1452 993 iere
1478 938 1620 994 duodecim
1643 939 1764 1008 ejusdcttt

973 1027 1059 1080 morbi
1081 1028 1207 1096 imposuit
1222 1029 1300 1094 tabo,
1318 1039 1348 1082 ιιι
1363 1028 1446 1083 virtus
1463 1045 1510 1100 per
1523 1029 1639 1084 divinant
1653 1031 1766 1101 gratiam

972 1128 1146 1185 augmentum
1158 1130 1269 1189 caperet
1287 1118 1452 1174 ioilrmitate.
1467 1121 1544 1176 Unde
1558 1136 1667 1192 semper
1681 1121 1706 1177 io
1721 1122 1768 1176 iiei

972 1211 1083 1265 servitio
1097 1224 1277 1279 permanens,
1292 1219 1319 1265 et
1329 1207 1356 1264 iu
1369 1212 1492 1265 omnibns
1516 1211 1571 1266 Deo
1591 1213 1691 1281 gratias
1707 1216 1770 1267 retl-

972 1300 1049 1366 dens,
1064 1302 1123 1356 sine
1136 1301 1225 1371 aliquo
1241 1300 1357 1356 hnmano
1368 1301 1536 1372 suffragante
1548 1305 1658 1371 anxilio,
1673 1314 1765 1374 postea

973 1392 1080 1446 uariunt
1092 1393 1193 1446 meruit
1207 1391 1328 1461 recipcre
1338 1390 1492 1450 satiitatem.

1009 1482 1054 1539 ii.
1073 1483 1232 1540 Proieratur
1243 1486 1269 1540 io
1282 1486 1435 1543 mediumet
1448 1488 1513 1543 iliud
1529 1488 1690 1559 stupendum
1705 1504 1766 1563 ges·

973 1582 1008 1630 tac
1028 1575 1067 1631 rei
1092 1575 1262 1641 miraculum,
1277 1578 1350 1647 quod
1366 1580 1489 1635 omnibus
1516 1582 1645 1651 prodesse
1669 1584 1769 1652 poterit

974 1666 1006 1722 ad
1019 1667 1078 1723 ittet
1089 1668 1415 1738 incrementum.Quidam
1429 1689 1460 1728 er
1473 1675 1623 1743 monacbis,
1637 1678 1768 1733 vocabulo

129 1765 327 1821 valentioribus
338 1763 427 1831 aquia,
440 1763 608 1817 narrtmarum
619 1763 713 1832 globos
729 1760 923 1817 nuttrincCitri·
939 1736 963 1800 Β
976 1757 1133 1831 Tyrannus,
1148 1760 1266 1816 crudelis
1288 1763 1394 1832 quidem
1407 1766 1538 1820 antitircto
1565 1767 1694 1833 nomine,
1719 1770 1767 1825 sed

132 1858 166 1913 sti
181 1858 306 1911 invocato
320 1856 427 1925 penitus
439 1854 579 1924 consopiri
594 1854 668 1910 lecit.
974 1853 1121 1922 preclaros
1136 1852 1253 1919 virtute,
1268 1853 1331 1909 dom
1342 1864 1414 1910 esset
1424 1857 1538 1927 quadum
1549 1868 1626 1914 nocte
1636 1858 1767 1915 sollicitos

165 1949 192 2005 0.
213 1949 270 2004 Nec
281 1950 371 2003 minua
385 1959 414 2003 et
427 1948 498 2002 iiiios
510 1947 630 2002 miraculi
641 1945 746 2016 insigne
759 1943 923 2015 preconium
974 1942 1095 2012 pervigii,
1112 1957 1162 1998 vna
1174 1945 1198 1998 ei
1213 1944 1313 2000 directa
1324 1947 1445 2017 estquod
1460 1948 1622 2019 tactumjont
1633 1948 1768 2007 sonuisset

131 2044 268 2101 memorie
282 2050 324 2097 est
338 2042 595 2096 enormeodaodstm.
611 2038 677 2095 Cum
703 2054 751 2104 per
765 2038 836 2093 idem
854 2046 923 2091 tem-
973 2034 1089 2102 signum.
1098 2030 1154 2089 ilac
1167 2034 1256 2105 itaque
1267 2050 1333 2091 roee
1345 2036 1618 2109 communitussurgit
1627 2041 1766 2105 continuo,

131 2150 179 2207 pus
191 2134 321 2207 prelatus
337 2133 477 2189 AEtberius
496 2134 639 2201 episcopus
655 2131 726 2186 beati
741 2130 791 2184 viri
812 2127 923 2186 Leobioi
973 2136 1001 2183 et
1014 2129 1150 2198 ingressus
1162 2128 1301 2185 basilicam
1314 2129 1459 2201 splendore
1484 2131 1575 2187 diiiusi
1597 2133 1706 2189 iumiois
1722 2150 1766 2190 ra·

134 2229 301 2297 prospiciens
321 2227 502 2287 sanctitatem,
526 2224 560 2279 ati
581 2223 739 2279 diaconatus
764 2223 924 2292 proveitcret
974 2220 1104 2286 diauicm,
1129 2222 1156 2276 in
1177 2237 1229 2293 qua
1243 2225 1405 2294 corispicuns
1416 2224 1541 2280 claritate
1557 2227 1687 2296 prospicit
1700 2227 1768 2283 duos

131 2318 258 2380 sturm
274 2328 302 2373 et
319 2317 447 2372 iratribus
470 2314 638 2384 brajacensis
652 2314 809 2370 monasterii
822 2328 924 2382 praepo·
974 2313 1084 2381 egregia
1105 2309 1191 2367 inrma
1212 2315 1296 2379 viros,
1319 2324 1441 2370 sanctum
1467 2315 1591 2373 videlicet
1610 2317 1769 2386 leobinum,

132 2422 218 2480 aret,
233 2411 345 2481 dignum
360 2409 438 2464 duxit
449 2417 479 2463 ut
490 2405 660 2477 praelectores
674 2406 791 2462 elicium
803 2418 924 2461 commo·
974 2412 1001 2458 et
1016 2404 1129 2460 aiterum
1154 2405 1262 2461 nomine
1277 2405 1327 2461 silri
1342 2406 1521 2477 incognitum,
1536 2424 1569 2465 er
1581 2425 1696 2481 quorum
1711 2411 1768 2466 risu

132 2502 190 2559 dias
201 2511 306 2573 ageret,
320 2501 343 2557 si
355 2500 389 2556 ad
404 2499 564 2572 presbyterii
575 2513 644 2555 nnus
658 2513 718 2554 cum
739 2497 925 2553 ordinabiliter
976 2496 1059 2553 nimio
1070 2512 1170 2567 patore
1183 2500 1341 2568 perterritus
1353 2498 1442 2571 lugam
1453 2499 1541 2567 inivit,
1556 2516 1669 2573 seseque
1680 2503 1706 2559 io
1718 2519 1767 2559 soa

133 2596 301 2653 sublimaret.
327 2592 502 2649 Postmodum
525 2607 586 2648 eum
609 2593 717 2648 iiamma
743 2591 830 2647 rabidi
856 2592 925 2663 ignis
975 2588 1043 2643 celia
1064 2589 1216 2645 abscondit.
1232 2590 1285 2646 Sed
1306 2589 1369 2646 dnm
1383 2591 1416 2645 ad
1431 2592 1500 2663 signi
1515 2607 1611 2647 sonum
1628 2593 1654 2648 in
1671 2593 1770 2664 prasia-

136 2687 264 2757 spiraret
287 2701 398 2755 campns
412 2700 532 2744 erurens
553 2687 586 2741 ad
610 2686 803 2742 monasterium
819 2693 925 2756 segetes
976 2688 1029 2735 tam
1043 2681 1180 2737 basilicam
1195 2683 1228 2737 ad
1257 2683 1402 2739 liotruinus
1428 2699 1458 2740 se
1481 2683 1617 2741 intulisset
1643 2687 1768 2757 inprobos,

136 2777 271 2834 exarando
290 2777 421 2848 venisset,
447 2787 475 2835 et
489 2778 613 2835 monaciri
627 2778 687 2844 ejus
702 2786 774 2833 meto
789 2790 804 2830 a
831 2791 924 2832 mensa
975 2772 1082 2840 expleta
1096 2772 1227 2828 orationis
1242 2772 1437 2828 consuetudine
1447 2773 1611 2843 praelocutus
1623 2774 1766 2846 Tyrannus

139 2868 327 2935 rarreaisseot,
342 2870 384 2924 vir
396 2879 506 2926 sanctus
521 2871 548 2925 in
559 2870 682 2926 oratioue
696 2877 758 2925 aote
769 2870 924 2926 incendium
976 2873 1070 2919 taulus
1092 2863 1258 2921 ciliciolis
1284 2866 1371 2935 pergit
1398 2864 1432 2920 tid
1458 2866 1587 2921 domitum
1610 2867 1769 2932 [enititum.

141 2967 296 3025 prostratus.
318 2960 388 3028 apud
417 2961 479 3016 cneii
504 2960 588 3016 Deum
612 2963 757 3032 impetrare
780 2961 878 3017 meruit
898 2970 927 3017 nt
976 2954 1122 3011 obsecrans
1133 2965 1162 3010 nt
1185 2954 1236 3010 sibi
1260 2955 1389 3010 iridicnret
1411 2970 1471 3025 que
1483 2968 1556 3012 esser
1583 2956 1629 3014 iiia
1653 2973 1766 3028 persona

143 3050 218 3106 mnis
233 3050 306 3105 iilius
328 3050 397 3120 iguis
422 3049 513 3106 rabies
527 3065 655 3120 oppressa
679 3053 878 3121 consopiretur,
899 3061 926 3108 et
940 3095 963 3159 c
978 3063 1058 3117 quam
1071 3047 1098 3102 in
1119 3047 1228 3103 basilica
1240 3061 1293 3101 una
1307 3061 1368 3102 eum
1382 3061 1415 3102 eo
1431 3047 1543 3104 intuitus
1557 3057 1640 3106 esset.
1663 3051 1770 3122 Agona-

144 3137 245 3203 trierim
255 3139 401 3209 temperies
414 3140 486 3194 aeris
499 3139 603 3195 reddita
621 3140 798 3197 blandiretur.
976 3152 1043 3195 ceos
1069 3139 1159 3207 itaque
1182 3138 1224 3193 vir
1247 3138 1294 3193 liei
1321 3136 1430 3193 iratrem
1447 3136 1532 3195 inisse
1554 3138 1663 3212 dignum
1689 3153 1770 3201 tantas

171 3229 213 3284 tit.
234 3229 374 3285 inseratur
390 3230 453 3285 ituic
467 3233 543 3301 operi
554 3232 619 3287 illoti
634 3232 746 3289 caeleste
757 3233 925 3299 miraculum,
978 3228 1129 3285 devolionis
1143 3226 1289 3291 mirmillo.
1304 3228 1342 3282 iii
1359 3246 1365 3281 :
1382 3227 1488 3294 Frater,
1502 3242 1564 3284 cum
1589 3228 1685 3288 sitisset
1707 3249 1770 3290 ort·

143 3320 204 3384 trnd
218 3319 353 3376 [lominus
364 3329 472 3391 liltrare
482 3320 608 3392 dignatus
621 3333 662 3378 est
674 3339 723 3393 per
737 3325 844 3381 beatum
858 3324 926 3381 Leo·
977 3322 1075 3378 terium
1091 3322 1230 3392 ingressus
1240 3332 1268 3376 et
1282 3319 1350 3377 dnos
1365 3322 1466 3391 pariter
1480 3323 1595 3380 vidisses
1608 3325 1698 3395 viros,
1715 3344 1770 3391 mc,

142 3405 372 3482 [daemonorium
389 3424 512 3484 tempore
525 3415 581 3470 duc
590 3416 775 3487 energumeni,
788 3418 814 3472 in
828 3417 926 3487 quibus
977 3423 1006 3470 nt
1019 3412 1115 3482 audio,
1130 3412 1280 3483 cognovisti
1293 3429 1300 3479 ;
1320 3413 1390 3469 aiter
1399 3429 1465 3469 veru
1478 3413 1641 3485 incognitus,
1656 3418 1703 3474 seri
1717 3422 1768 3475 mi·

138 3506 205 3561 uara
220 3508 263 3562 ris
277 3509 433 3562 damonum
449 3507 638 3577 praevaluerat,
653 3518 682 3563 ιιι
695 3522 769 3580 saepe
783 3510 886 3566 tinentia
899 3519 926 3567 et
976 3505 1047 3562 canti
1058 3504 1362 3575 splendorecandidua,
1380 3505 1439 3575 ipse
1451 3515 1492 3563 est
1506 3507 1601 3564 beatus
1616 3510 1711 3567 Avitus
1726 3529 1770 3569 roe

133 3598 243 3651 &terras
258 3596 484 3662 comminuerent,
500 3607 675 3655 occurrentes
696 3599 854 3655 beatissimo
868 3602 926 3657 viro
977 3597 1113 3653 visitando
1126 3597 1252 3669 dignatus
1265 3597 1402 3669 corripere
1421 3607 1450 3654 ct
1472 3614 1645 3658 commonere
1658 3605 1772 3674 qualiter

131 3688 273 3757 Ιοιρὶιιιίι
286 3687 437 3743 remedium
459 3688 551 3761 largiri
572 3689 625 3746 sibi
642 3691 777 3747 irumiiiter
796 3708 926 3762 poposce·
977 3688 1089 3743 debeam
1104 3687 1246 3757 quemdam
1261 3686 1375 3742 iratrem
1388 3702 1437 3759 pro
1451 3689 1506 3744 suia
1518 3693 1673 3750 excessibus
1685 3699 1772 3752 corri-

128 3777 343 3835 incusaretur
367 3778 459 3849 iraque
474 3781 542 3834 vira
565 3777 691 3837 iratribus
710 3783 864 3838 coltortatns
877 3785 927 3838 im·
976 3792 1050 3848 gere.
1067 3776 1161 3832 ilerito
1177 3791 1294 3848 namque
1307 3777 1420 3834 coeleste
1434 3779 1524 3835 iumen
1542 3796 1624 3851 super
1646 3794 1769 3841 sarnetum

125 3868 254 3925 neodem
267 3870 384 3940 gratiam
405 3868 518 3925 merleia
531 3868 680 3927 daemonico
693 3872 786 3929 lurore
808 3875 924 3945 agitatis,
978 3869 1064 3926 tituto
1077 3868 1281 3939 tatiitbtbittiit
1307 3870 1370 3926 iicet
1385 3872 1412 3928 iti
1434 3880 1504 3928 terra
1524 3888 1654 3943 corpore,
1683 3885 1773 3933 orento

121 3951 235 4017 aiente
247 3969 414 4024 commotus,
426 3961 553 4031 opposito
566 3962 657 4017 crucis
671 3962 819 4033 signaculo,
829 3972 857 4018 et
868 3964 925 4019 dae·
978 3970 1068 4016 tamen
1079 3961 1290 4017 conversabatur
1303 3962 1330 4017 in
1344 3963 1432 4030 coeiis,
1454 3963 1533 4032 juata
1547 3965 1614 4022 iliud
1629 3969 1750 4038 Apostoli
1764 3988 1770 4025 ι

123 4046 229 4105 mones
241 4049 280 4104 ab
295 4050 330 4105 iia
341 4048 457 4121 expulit,
471 4059 500 4104 et
513 4050 635 4119 pristinae
648 4053 773 4108 sarritmis
785 4051 926 4109 incolumi·
979 4052 1077 4106 Nostro
1089 4060 1173 4106 auteur
1184 4053 1343 4107 corrosorio
1353 4052 1380 4106 iu
1392 4054 1462 4107 coelis
1474 4064 1510 4108 est
1526 4052 1637 4126 (Plriiip.
1654 4073 1693 4124 ιιι,
1709 4057 1769 4128 20).

121 4130 183 4195 lati
205 4140 354 4196 eitteaciter
374 4139 500 4197 restituit.
516 4141 570 4197 Nec
595 4143 681 4198 multo
706 4153 767 4213 post
792 4153 925 4215 ternpore,
979 4140 1055 4199 Unde
1070 4139 1249 4196 visitationem
1263 4140 1361 4198 meruit
1375 4140 1474 4198 babere
1489 4151 1517 4198 et
1534 4144 1768 4203 consolationem:

121 4222 197 4291 ‘lum
214 4235 326 4307 iongea
346 4236 415 4292 ceila
434 4237 533 4294 absens
547 4245 631 4304 esset,
642 4246 669 4292 et
688 4235 722 4291 ad
736 4237 925 4292 monasterium
978 4237 1005 4291 in
1015 4234 1093 4304 cuius
1102 4234 1125 4290 si
1133 4234 1243 4305 quidem
1253 4232 1335 4290 corde
1346 4241 1374 4289 et
1386 4249 1434 4290 ore
1445 4250 1492 4307 per
1502 4236 1653 4293 divinorum
1664 4240 1770 4312 eloquia

123 4319 179 4381 liri
201 4341 297 4397 paucas
311 4327 407 4395 pneiiae
428 4329 603 4384 morabantur
622 4329 816 4398 compendioso
829 4327 927 4385 itinere
979 4329 1167 4385 mandatorum
1181 4329 1227 4385 ina
1247 4328 1367 4386 coeiestis
1380 4330 1474 4401 gratiae
1491 4328 1592 4402 jugiter
1604 4345 1636 4388 ac
1649 4332 1773 4390 tuebant-

107 4404 294 4493 sterlinum,
319 4418 435 4489 benigue
450 4429 580 4488 exceptus
603 4429 645 4474 cst
664 4419 699 4473 ab
721 4418 786 4474 iilis.
804 4419 926 4488 lienique
940 4446 967 4508 D
979 4421 1039 4476 liter
1050 4420 1184 4477 rutilabat.

125 4506 195 4565 bosa
209 4509 528 4575 bumaoitatisoiitcium,
541 4510 611 4581 quod
623 4510 648 4579 ei
661 4509 838 4567 libentissime
850 4510 926 4566 eriri·
1015 4511 1058 4565 ii.
1090 4511 1148 4567 Non
1168 4510 1253 4567 multo
1281 4521 1342 4581 post
1362 4520 1492 4583 tempore,
1514 4526 1528 4566 a
1552 4512 1631 4567 beato
1646 4511 1772 4570 AEtiterio

123 4582 262 4667 Marnas,
278 4598 449 4669 intempestae
471 4599 557 4656 noctis
579 4600 687 4655 silentio
706 4615 757 4655 uua
779 4601 927 4672 depuelia·
978 4605 1104 4677 pontilice
1117 4605 1141 4659 el
1161 4603 1314 4674 injunctum
1328 4613 1370 4660 eat
1395 4612 1425 4659 ut
1451 4618 1532 4659 eausa
1558 4604 1714 4674 proiiciemii
1741 4606 1768 4660 io

124 4690 193 4747 ¹'tatu
209 4692 329 4760 collegio
345 4692 478 4749 incentive
492 4692 606 4763 iotpolsa
621 4692 775 4761 petulantia
795 4704 861 4750 astu
881 4711 928 4751 ne·
979 4696 1085 4763 meiius,
1099 4706 1222 4753 sanctum
1234 4704 1246 4735 ι
1258 4694 1406 4752 Caesarium
1417 4694 1601 4752 tretateosem
1612 4697 1768 4768 episcopum

125 4768 213 4852 brie,
231 4784 345 4853 pertibus
367 4784 450 4838 sancti
464 4782 582 4854 iacentia
601 4784 653 4840 sub
678 4784 740 4840 lecti
760 4786 928 4856 operimento
978 4786 1115 4857 inquirere
1129 4795 1157 4841 et
1171 4784 1247 4840 adire
1259 4785 1370 4842 deberet
1383 4785 1542 4855 intrepidas.
1560 4785 1600 4842 tu
1610 4802 1691 4859 qnam
1706 4803 1767 4846 cum

123 4866 260 4931 “entibus
279 4873 405 4930 dolosum
426 4874 517 4931 iutoiit
540 4892 658 4932 morsum
672 4893 680 4943 ;
694 4878 741 4947 qui
764 4879 885 4936 sentiens
898 4895 928 4935 se
978 4879 1145 4952 pervenisset
1158 4875 1188 4933 S.
1206 4877 1352 4946 Leuitinus,
1379 4879 1531 4949 pariterque
1551 4893 1613 4935 curn
1627 4894 1660 4936 en
1675 4880 1769 4937 baattm

125 4954 290 5037 huiusmodi
305 4982 398 5023 morsu
413 4975 594 5035 attrectatum,
617 4983 677 5024 corn
692 4972 865 5038 percussione
880 4988 927 5041 pe·
978 4971 1102 5037 Albinus,
1117 4970 1164 5040 qui
1177 4983 1270 5025 cuntes
1290 4969 1348 5038 ejus
1363 4970 1468 5026 itineris
1481 4970 1583 5038 iuerat,
1594 4973 1739 5041 requisitos
1754 4990 1770 5028 a

125 5062 220 5121 tuor
232 5070 262 5118 et
277 5062 381 5131 ingenti
395 5062 497 5134 gemitu
516 5061 590 5119 iiiam
610 5063 722 5134 pedibus
737 5068 794 5120 suis
816 5068 927 5134 repulit,
979 5062 1058 5117 beatu
1069 5061 1187 5116 Cesarin
1200 5075 1248 5116 cur
1259 5063 1326 5115 tanti
1342 5060 1447 5116 itineris
1464 5063 1584 5118 laborem
1605 5063 1771 5133 assumpsit·

126 5152 307 5211 ltmiierurn
320 5152 402 5209 veluti
417 5168 562 5218 venenum,
577 5163 605 5210 et
617 5163 721 5210 servata
743 5157 816 5211 omni
835 5172 926 5228 corpo
979 5164 1035 5220 set,
1051 5153 1192 5223 respondit
1210 5152 1305 5209 beatus
1326 5152 1439 5210 Albinus
1462 5168 1492 5210 se
1517 5156 1704 5211 tantummodo
1729 5158 1772 5213 soi

128 5245 173 5301 sla
185 5244 353 5317 integritate,
370 5246 481 5315 laqueos
495 5246 616 5302 molieris
636 5246 696 5302 sine
710 5247 810 5303 damno
830 5251 927 5316 evasit,
978 5243 1105 5300 desiderii
1132 5258 1212 5300 causa
1237 5243 1344 5300 venisse
1365 5244 1497 5301 :beatum
1523 5260 1587 5299 vesu
1611 5244 1771 5311 Leoltittttnt,

129 5335 271 5399 mione
282 5336 404 5407 strepitis
418 5336 588 5407 praecinctus.
978 5335 1116 5391 derelictis
1127 5334 1265 5402 iratribus,
1277 5335 1375 5406 quibus
1383 5335 1541 5405 praepositus
1552 5335 1667 5403 iuerat,i
1680 5335 1772 5393 lairitro

170 5455 185 5485 ⁸
196 5446 340 5506 AEriserius
351 5448 495 5521 episeopus
503 5448 678 5506 Cacumensi
686 5450 846 5514 subscripsit
859 5466 929 5522 apo-
979 5451 1143 5508 monasterio
1158 5449 1310 5521 lirajacensi
1325 5452 1498 5521 praepositum
1512 5450 1546 5507 ad
1559 5465 1605 5506 an.
1620 5450 1685 5509 535.

130 5518 190 5575 ab
217 5518 405 5576 duretianenai
426 5535 445 5575 ιι
470 5534 515 5578 ao.
537 5520 606 5582 533,
635 5537 663 5576 ur
685 5537 730 5578 ao.
754 5520 827 5592 538,
850 5532 878 5580 et
904 5539 928 5578 ιι
1016 5532 1028 5561 ι
1047 5521 1077 5579 S.
1098 5519 1231 5576 soerias
1243 5534 1289 5590 ep.
1301 5520 1466 5587 ‚Arelatensis
1475 5520 1592 5577 decessit
1601 5521 1634 5577 ad
1649 5536 1694 5577 an.
1706 5520 1772 5589 bii,

132 5596 180 5645 Ιι.
195 5588 259 5644 tit.
979 5601 1008 5648 ut
1032 5590 1149 5647 ostendit
1169 5591 1292 5646 cointius
1314 5591 1349 5647 ad
1369 5592 1442 5649 itunc
1454 5608 1573 5660 annum,
1590 5609 1617 5649 n.
1634 5591 1668 5649 ts
1683 5603 1710 5649 et
1725 5590 1772 5659 tu,

170 5658 321 5715 *detortos
338 5658 456 5714 aiiirmut
478 5660 507 5716 S.
533 5660 682 5717 Leobiuom
703 5677 718 5716 a
739 5662 767 5719 S.
790 5660 927 5732 AEtberin,
979 5662 1169 5719 cnmsedisset
1182 5675 1227 5715 an·
1242 5658 1288 5719 id.

133 5730 265 5803 episcopo
274 5730 447 5796 ὓιιιιιιοιιιι,
464 5732 604 5802 brajacom
617 5734 779 5789 accersitum
791 5733 888 5802 inisse,
900 5746 929 5791 et
1014 5730 1028 5772 ⁴
1043 5733 1130 5789 Locus
1147 5739 1299 5802 corruptus.

340 5824 477 5887 Paratur..
499 5824 703 5889 Lxxthtt.
1528 5822 1566 5888 18
