3810 6128
162 267 228 331 libs
547 268 801 330 nettbtt'i’itiiirn
819 274 949 329 sntitnts
970 273 1175 331 inancnlttitt
1197 278 1401 334 mtbttitnin.
1707 280 1774 336 rtttl

155 399 305 459 etgeuetur
320 397 409 444 creater
429 385 622 452 l‘beudericus,
642 387 727 442 eciam
748 395 776 442 et
796 400 939 456 germanus
953 393 976 447 Α
990 385 1138 442 anteriores
1152 387 1354 455 precepcionis,
1371 386 1481 442 lrabiaut
1494 386 1671 442 evirrdicatmu
1687 388 1774 455 alque

154 477 489 541 noetmliblodocbarius,
505 492 553 547 per
571 489 665 532 eorum
682 476 876 547 precepcionis,
893 477 939 530 ilio
989 477 1152 532 elidicatum.
1177 475 1211 530 Et
1236 485 1387 548 quatenus,
1412 477 1561 532 antehactis
1586 477 1772 545 temporebus,

138 572 270 637 teleneu,
284 569 411 638 quicquid
422 568 456 624 de
468 582 563 624 ornnes
573 558 744 637 neguciantes
756 564 938 631 arrtSaronis,
989 565 1064 641 clade
1076 563 1275 632 intercedente,
1291 566 1325 620 de
1344 565 1403 635 ipso
1418 565 1478 635 vigo
1491 565 1577 621 sancti
1592 564 1702 621 ilionisii
1716 565 1774 632 ipse

152 661 197 717 vel
208 658 448 730 quascumquelibit
461 657 599 722 nacionis,
613 656 646 712 ad
660 657 716 726 ipsa
731 664 822 711 sancta
841 653 939 710 dstive·
988 655 1128 713 marcadus
1142 656 1192 712 luit
1205 667 1348 722 emutatus,
1362 665 1389 712 et
1403 657 1436 713 atl
1447 655 1564 712 Parisios
1575 657 1691 713 civetate
1703 656 1772 709 inter

154 759 210 806 tate
222 750 312 806 domni
334 749 444 804 itionisii
457 748 489 802 ad
504 747 549 802 illo
563 747 689 803 marcado
702 747 891 812 aduenientes,
904 746 938 801 ad
987 747 1072 801 sancti
1087 746 1193 802 Martini
1207 754 1236 802 et
1249 746 1336 800 sancti
1352 744 1487 802 Laurente
1500 745 1623 802 baselicis
1632 744 1689 812 lpse
1700 758 1772 799 mar·

152 841 211 910 ipsa
224 839 341 896 baselica
360 838 452 893 Sancti
475 836 585 892 biorrisii
608 837 635 892 in
653 836 813 906 integretate
826 826 936 891 cences-
986 837 1070 896 cadus
1089 837 1140 894 luit
1160 838 1256 902 lactus,
1271 845 1299 893 et
1312 838 1375 893 inde
1397 836 1579 908 precepcionis
1591 834 1771 906 predictorum

151 932 258 996 aisscm,
278 930 319 985 sic
339 943 446 1000 quoque
465 936 494 981 ut
511 943 562 983 nec
575 927 695 999 posthia,
711 941 761 983 nee
781 935 860 992 tuuc,
874 942 936 997 pars
989 928 1135 996 principum
1148 934 1320 996 acceperuut,
1333 935 1364 982 trt
1377 926 1403 983 in
1417 927 1474 995 ipso
1486 926 1547 984 loce
1559 934 1605 982 aut
1619 927 1726 996 ubyque
1738 924 1772 979 ad

138 1025 215 1079 -lisee
227 1035 295 1079 neve
315 1020 416 1076 ibidem
430 1019 462 1073 ad
479 1021 537 1089 ipso
550 1017 687 1084 marcado,
702 1032 769 1073 neve
782 1016 851 1072 inira
862 1029 934 1088 pago
986 1018 1043 1087 ipsa
1055 1016 1197 1075 iistivctate
1210 1016 1365 1075 resedibant
1375 1016 1409 1072 ad
1423 1031 1516 1073 eorum
1528 1016 1640 1087 negucia
1653 1018 1693 1072 vel
1709 1029 1772 1071 corr-

150 1110 297 1179 i’arisiaco,
310 1118 357 1164 ant
368 1110 395 1164 ia
409 1109 465 1180 ipsa
479 1104 594 1165 civetate
605 1107 734 1173 Parisios,
749 1107 836 1178 postia
846 1108 935 1164 nullus
987 1110 1085 1167 utercia
1100 1107 1276 1174 exercienda,
1296 1107 1354 1176 ipso
1368 1107 1473 1165 teleneu
1488 1123 1549 1177 pars
1563 1106 1681 1178 predicto
1695 1107 1771 1160 nasc-

150 1201 270 1259 mensus
281 1200 315 1255 ad
330 1201 402 1270 ipsus
416 1201 536 1256 nomenis
549 1200 722 1267 negociantes
740 1198 774 1254 de
796 1197 853 1268 ipsa
875 1198 935 1254 vice
985 1202 1037 1258 lice
1056 1201 1147 1257 doumi
1168 1200 1279 1257 dionisii
1299 1202 1327 1257 in
1348 1201 1502 1270 integritate
1522 1201 1674 1268 receerit:
1696 1207 1723 1256 et
1740 1213 1772 1254 se

137 1304 204 1347 -uon
224 1289 360 1361 exigintur
382 1303 432 1344 nec
455 1287 590 1356 tollirrtur,
604 1287 651 1342 scd
666 1286 793 1356 boc’pars
814 1286 933 1355 predicte
982 1293 1071 1348 necuit
1084 1301 1131 1346 nur
1154 1307 1202 1358 pro
1215 1290 1291 1347 clade
1309 1300 1355 1348 sut
1370 1305 1419 1359 per
1440 1290 1669 1361 quacumquelibit
1690 1289 1772 1346 utens.

146 1380 265 1438 baselice
276 1380 368 1436 domni
382 1379 492 1435 niouisti
506 1379 533 1434 ln
547 1377 709 1447 integretate
719 1393 800 1435 enine
812 1388 933 1450 tempore
981 1387 1059 1444 cisne
1072 1385 1085 1425 l
1099 1384 1303 1450 interveniente,
1324 1382 1422 1440 exinde
1436 1382 1525 1454 aliuby
1545 1381 1623 1437 luerit
1635 1380 1686 1450 ipsi
1699 1395 1770 1435 mar·

144 1475 247 1532 babirit
265 1489 423 1532 cuneorum
448 1473 535 1545 adque
556 1472 698 1529 indultum.
723 1472 797 1528 brute
821 1484 850 1528 et
872 1472 932 1530 ratis
979 1487 1056 1535 catus
1075 1487 1220 1542 emutatus,
1236 1477 1371 1547 predictus
1390 1475 1511 1532 adoneus
1523 1475 1550 1529 iu
1565 1474 1725 1542 integretate
1735 1471 1769 1525 ad

144 1565 330 1638 wcepcbnis
341 1565 523 1636 predictorum
538 1563 689 1634 principun
707 1562 734 1618 in
749 1570 873 1633 presence
886 1579 931 1618 ns·
977 1570 1038 1642 ipsa
1059 1584 1123 1626 casa
1145 1568 1192 1626 net
1216 1568 1356 1638 presentis
1378 1568 1550 1636 recuperetur
1572 1561 1768 1627 autumnate

144 1657 316 1717 indedirnut
338 1655 504 1726 relegendas.
520 1652 638 1710 liclictas
658 1663 686 1710 et
704 1668 802 1724 perciti
816 1667 846 1706 ³³
860 1652 930 1722 iiiiii
944 1669 968 1729 Β
982 1661 1168 1718 lumenarebus
1188 1660 1271 1730 ipsius
1291 1657 1384 1714 Sancti
1406 1657 1516 1713 dionisii
1542 1671 1589 1725 pro
1611 1652 1768 1711 reverencia

142 1742 765 1817 Wlfflllibisslellfflffl‘slll10dbaldelii)
780 1743 843 1812 iiiii
857 1741 930 1812 liin·
978 1750 1061 1821 ipsius
1073 1750 1158 1808 sancti
1173 1750 1233 1806 lnce
1253 1749 1402 1817 permaniat
1416 1761 1561 1804 concessus
1575 1745 1664 1814 adque
1676 1742 1767 1799 indul·

143 1839 255 1909 eipebns
268 1837 301 1893 ad
316 1838 373 1907 ipsa
389 1852 452 1892 casa
472 1836 520 1891 nei
532 1835 558 1890 in
574 1837 733 1903 integretate
748 1834 798 1890 luit
815 1846 927 1890 conces-
976 1851 1021 1898 rur
1035 1860 1041 1896 :
1056 1851 1083 1898 οι
1096 1842 1131 1897 sit
1143 1848 1198 1895 tem
1212 1840 1282 1895 inter
1298 1848 1373 1908 parte
1385 1837 1442 1895 lisei
1455 1836 1550 1904 nostri,
1563 1849 1643 1904 qnam
1657 1839 1686 1889 st
1697 1833 1768 1888 inter

139 1945 215 1985 sum.
229 1925 320 1985 Pestis
336 1927 461 1983 dicebaut
482 1929 557 1995 quast
578 1935 688 1997 agentes
702 1925 784 1996 ip-ius
799 1925 857 1981 viro
869 1923 929 1981 Gri·
976 1939 1089 2000 agentes
1106 1928 1199 1986 Sancti
1218 1927 1347 1993 ilionisii,
1362 1926 1451 1983 omnis
1463 1925 1497 1981 lis
1509 1933 1538 1981 et
1553 1922 1702 1992 altergacio
1721 1935 1767 1976 sn·

141 2016 263 2085 aroaldo,
283 2017 524 2088 majorem-demus
548 2017 644 2084 nostri,
658 2017 742 2072 eciam
753 2025 785 2073 et
798 2018 881 2072 comis
894 2015 929 2072 dc
977 2023 1042 2081 bita.
1056 2051 1090 2064 -
1102 2021 1223 2080 actalius
1233 2019 1324 2092 jussus
1338 2017 1494 2087 recognovit
1508 2014 1604 2087 (Lessa
1618 2014 1721 2085 sigilli.)

138 2107 202 2179 ipso
216 2122 285 2179 pege
305 2106 452 2176 Parisisco,
465 2107 724 2175 medietatcdeipso
737 2106 844 2162 teleneu
856 2103 930 2176 ejus·
1014 2115 1110 2171 ilatum
1124 2114 1177 2185 qod
1196 2113 1252 2170 licit
1272 2111 1366 2168 minsis
1379 2108 1536 2174 December,
1550 2106 1609 2164 dies
1622 2105 1680 2176 xiij,
1695 2120 1765 2160 aruns

139 2200 204 2258 dem
223 2199 357 2266 tollerent,
374 2198 416 2254 vel
429 2198 465 2254 de
488 2206 564 2267 parte
583 2196 665 2268 ipsius
679 2196 794 2252 baselice
808 2199 929 2254 abstrae·
978 2204 1021 2275 xij
1035 2203 1103 2274 ugni
1118 2197 1515 2272 nurtn,llamaccas1elieiter.

139 2289 928 2360 rentdmrcbantecontraagentesipsiusuiroGriraoal·
1435 2286 1439 2293 ’

137 2383 187 2450 do,
203 2383 445 2456 majorem-domus
458 2383 557 2448 ntuetri,
570 2397 655 2452 quase
667 2381 701 2437 de
712 2381 794 2452 longo
806 2390 928 2454 tempore
1325 2353 1407 2412 ml·

141 2475 204 2532 talis
227 2474 394 2531 consuetude
412 2471 509 2539 iuissit,
534 2482 564 2528 ut
585 2473 730 2529 medietate
752 2472 848 2529 exinde
864 2488 927 2529 casa
977 2468 1107 2527 Placitum
1126 2463 1280 2523 t'itiidebcrti
1295 2465 1361 2528 lll,
1378 2467 1446 2537 regis
1460 2463 1633 2530 Francorum,
1649 2483 1698 2536 qne
1711 2465 1763 2521 Ce-

138 2558 235 2617 Saucti
246 2558 357 2615 liienisii
371 2558 519 2628 receperit,
535 2557 579 2613 illa
593 2557 645 2613 alia
664 2557 807 2614 medietate
826 2557 863 2613 illi
878 2574 926 2614 co·
1011 2539 1105 2632 miii
1116 2539 1268 2610 [amaseam
1282 2537 1312 2592 ⁸·
1333 2534 1452 2608 ⁰⁵⁰ii⁸¹i
1466 2538 1622 2592 '¹¹⁰''fliiiii0
1641 2536 1766 2592 ‘imiimi

137 2649 193 2704 tatia
220 2648 253 2703 ad
281 2657 385 2719 portent
415 2646 472 2703 lisci
498 2648 593 2702 nostri.
623 2645 793 2703 intendibant
815 2656 926 2705 econtra
1014 2613 1114 2680 “am''
1131 2606 1204 2677 mi

137 2747 251 2810 agentes
268 2737 361 2795 Sancti
374 2736 499 2803 Diomedi,
519 2738 596 2808 quasi
615 2739 667 2794 boc
689 2735 825 2807 Gairinus,
839 2753 925 2810 quon·
1011 2742 1234 2807 childeberthus,
1251 2755 1295 2793 rer
1312 2737 1492 2804 Frattcnrtrttt,
1510 2738 1552 2794 vir
1570 2737 1692 2794 inluster.
1713 2739 1764 2794 Ve-

135 2830 212 2897 dan,
227 2830 286 2887 loce
306 2830 390 2900 ipsius
411 2828 545 2886 Parisiace
567 2831 662 2899 corruis,
678 2846 727 2901 per
746 2831 830 2888 loreia
854 2833 925 2890 bunc
976 2836 1075 2899 amatis
1097 2843 1208 2904 agentes
1232 2832 1355 2889 baselece
1377 2830 1522 2902 peculiaris
1541 2831 1660 2900 patronis
1679 2834 1763 2887 nostri

138 2921 360 2980 sommium
382 2920 481 2977 ibidem
504 2919 622 2988 ¹¹¹i⁸i⁸⁸iiu
644 2928 673 2977 0¹
696 2921 840 2990 aliquando
867 2922 924 2992 iiiii
974 2927 1064 2985 domm
1081 2925 1202 2992 dionisii,
1228 2926 1273 2981 ubi
1297 2927 1355 2996 ipse
1375 2926 1515 2996 preciosus
1535 2926 1563 2983 in
1585 2940 1700 2996 corpore
1718 2941 1763 2982 re·

137 3012 284 3071 medietate
295 3011 330 3069 de
343 3013 401 3082 ipso
421 3012 527 3067 teleneu
546 3011 667 3081 ejusdem
681 3012 778 3069 exinde
792 3012 898 3069 tullissit
912 3031 919 3068 r
933 3020 958 3085 c
972 3017 1093 3088 quiescit,
1117 3026 1146 3073 et
1164 3016 1332 3077 venerabelis
1352 3016 1392 3072 vir
1410 3016 1541 3083 llaldpus,
1564 3018 1649 3083 abba,
1671 3023 1764 3074 custus

135 3103 186 3159 sed
199 3101 249 3174 ipsi
259 3078 369 3168 menies
382 3101 435 3157 bec
444 3099 480 3157 ad
493 3101 624 3172 palacium
637 3101 824 3171 sogessissent,
837 3110 865 3158 et
879 3117 923 3158 ee
972 3121 1080 3178 preesse
1091 3106 1206 3172 veditur,
1228 3106 1377 3163 llarnaccas
1396 3108 1423 3163 in
1449 3107 1552 3177 palacio
1565 3119 1670 3176 nostro,
1686 3110 1764 3165 nobis

135 3210 196 3252 rnttt
211 3193 396 3268 precepcionis
405 3194 432 3250 in
446 3193 605 3263 integretate
616 3208 722 3264 setitper
734 3200 921 3249 renovationi·
971 3205 1156 3268 sogesserunt,
1166 3213 1199 3254 eu
1210 3198 1282 3268 quod
1291 3197 1418 3255 farinario
1429 3197 1475 3253 illo
1485 3199 1512 3253 in
1523 3197 1583 3255 loco
1593 3207 1764 3266 noncopante

134 3314 173 3328 -
182 3283 283 3343 Mum
294 3282 450 3354 inquisitum
463 3291 505 3339 est
516 3286 669 3354 perplures
680 3296 821 3352 personas,
836 3281 921 3338 eciam
970 3287 1127 3357 cartolaico,
1144 3289 1211 3343 inlra
1226 3296 1391 3345 termemeno
1403 3287 1544 3356 verninse,
1559 3303 1638 3359 quern
1654 3305 1668 3343 a
1681 3288 1763 3356 longo

135 3380 165 3431 et
187 3389 235 3445 per
258 3374 329 3444 ipsas
351 3373 552 3444 precepciones,
576 3373 629 3442 qod
651 3373 771 3430 antdicte
787 3373 922 3445 princepis
971 3388 1091 3450 tempere
1105 3377 1335 3435 antecessorissui
1348 3377 1381 3431 ad
1393 3377 1453 3432 villa
1468 3377 1551 3457 ipsius
1562 3377 1678 3433 baselice
1691 3376 1762 3431 bati-

134 3464 242 3537 ibgdetn
256 3464 283 3519 in
298 3463 445 3534 primordio
459 3471 472 3501 ¹
488 3470 516 3519 et
535 3463 562 3518 iu
576 3470 712 3534 pmterum
725 3463 752 3519 in
767 3463 921 3533 irttegretatl
970 3468 1050 3525 niaco
1063 3484 1171 3542 semper
1184 3467 1357 3539 posiderunt;
1382 3475 1493 3536 agentes
1506 3467 1610 3523 inlustri
1627 3467 1685 3525 viro
1698 3466 1761 3523 Gri-

134 3562 329 3615 wacaeorum
347 3553 390 3609 rel
414 3550 631 3615 adllrmaverunt.
646 3584 683 3597 -
695 3551 749 3625 Sys
766 3552 921 3610 asenciente
969 3558 1088 3627 aasabim
1100 3558 1341 3631 majoremdomus
1352 3559 1449 3627 nessi,
1460 3574 1521 3615 cum
1533 3559 1759 3626 contradicerent,

134 3643 196 3714 ipso
216 3643 274 3699 viro
287 3641 451 3708 Grimoalulo,
468 3643 708 3713 najaram-domus
722 3644 817 3713 nostri,
834 3645 920 3701 eciam
970 3657 998 3706 et
1010 3648 1145 3713 dicebant,
1159 3649 1212 3718 qod
1231 3649 1323 3704 arilia
1342 3664 1392 3706 sua
1415 3649 1506 3709 ierne
1524 3650 1611 3706 fuissit
1624 3659 1759 3720 aspectus.

133 3733 223 3797 etalii
237 3734 321 3807 pluris
335 3735 420 3791 nonni
439 3734 524 3791 tidelis
539 3735 587 3790 visi
601 3735 710 3791 luerunt
721 3735 865 3793 decrevissi
878 3735 920 3790 vel
970 3739 1099 3796 liicebant
1125 3740 1230 3809 pestlria
1257 3739 1314 3810 ipse
1341 3751 1452 3808 agentes
1472 3741 1558 3797 sancti
1587 3740 1708 3807 ilionisii,
1724 3756 1759 3796 eu

131 3822 285 3896 judicasse,
299 3835 451 3896 dirigentes
465 3824 920 3896 ipsiusviroGrimoaldopropar-
969 3831 1040 3902 quod
1055 3828 1089 3885 de
1112 3830 1262 3901 pluremum
1278 3847 1410 3887 annorum
1431 3832 1523 3903 spacia
1543 3832 1600 3902 ipse
1618 3830 1760 3888 farinarius

134 3925 191 3974 ient
200 3917 263 3975 dece
273 3918 356 3974 nostri
369 3917 478 3974 eusdem
488 3918 585 3974 exinde
596 3933 642 3988 per
655 3915 752 3972 vuadio
763 3917 796 3972 de
806 3916 865 3986 ipso
879 3927 918 3971 tc·
969 3919 1004 3976 ad
1018 3921 1076 3991 ipsc
1097 3919 1186 3979 ierne
1200 3935 1337 3990 nonquam
1352 3921 1570 3992 aspexissit„nisi
1583 3922 1618 3979 ad
1643 3923 1705 3978 silla
1719 3923 1763 3993 ip·

133 4009 214 4066 lsneu
233 4011 260 4065 iu
281 4010 440 4080 integretate
462 4009 592 4065 revestire
613 4008 735 4065 debirent
747 4024 755 4074 ;
769 4007 822 4076 qod
842 4008 879 4061 ita
893 4017 921 4062 ct
968 4012 1024 4068 sius
1044 4012 1161 4075 baselice
1184 4013 1345 4082 Ladiniaco;
1360 4013 1502 4084 libremus,
1517 4015 1759 4085 nrajmemdomus

132 4099 258 4160 herent.
273 4101 337 4170 Sed,
356 4092 418 4155 durii
435 4117 465 4154 a,
479 4115 559 4156 cansa
575 4099 663 4154 taliter
681 4108 741 4154 acta
757 4097 797 4153 vel
811 4099 919 4155 delinita
968 4119 1019 4160 suo
1041 4110 1171 4175 ternpore,
1195 4105 1303 4172 quando
1327 4104 1384 4174 ipsa
1408 4103 1470 4158 villa
1494 4104 1644 4174 posedibat,
1660 4105 1758 4160 ibidem

132 4207 184 4251 aen
201 4192 325 4264 inquisita
346 4191 389 4246 vel
404 4191 539 4262 judecata,
563 4189 589 4244 iu
612 4198 740 4260 quautam
755 4186 867 4246 inluster
879 4192 920 4246 vir
969 4209 1029 4248 euru
1045 4193 1145 4250 lecissit
1157 4201 1310 4264 aspectum,
1325 4204 1352 4250 et
1366 4193 1519 4263 justisseme
1537 4195 1577 4251 cis
1591 4194 1632 4252 tel
1646 4194 1679 4250 ad
1695 4209 1759 4250 casa

133 4279 308 4351 sigefredus,
332 4279 418 4336 cornis
444 4277 542 4349 palatio
566 4289 679 4347 tuosne,
703 4279 917 4345 testerucniavit,
969 4283 1063 4340 saucit
1077 4283 1186 4339 liiorrisii
1202 4282 1337 4339 redebitur
1352 4302 1358 4337 ι
1373 4282 1420 4340 sed
1433 4284 1520 4356 postia
1541 4283 1599 4354 ipse
1616 4284 1675 4341 viro
1697 4283 1758 4341 Gri-

133 4373 223 4430 itrissit
234 4373 408 4436 denusceter,
422 4372 566 4441 iobimmns
579 4381 610 4427 ut
622 4388 703 4431 ernne
715 4382 837 4443 tempore
856 4389 918 4445 pars
932 4358 1106 4442 brunardus,
1121 4374 1360 4445 majoremdomus
1383 4383 1484 4444 noster,
1499 4391 1552 4432 una
1575 4390 1636 4432 cum
1660 4377 1759 4433 uostris

134 4466 248 4538 predicti
261 4465 423 4521 monastiriae
436 4465 521 4520 sancti
536 4463 655 4532 lliorrisii,
680 4464 724 4520 ubi
738 4466 795 4535 ipsc
816 4465 919 4534 precin-
968 4464 1109 4531 ledilebns,
1125 4479 1188 4520 acc
1207 4479 1253 4518 usa
1268 4476 1331 4520 artie
1348 4479 1378 4519 se
1398 4464 1478 4541 jussit
1498 4463 1636 4533 advenire,
1649 4472 1679 4519 ut
1697 4480 1757 4520 earu

132 4571 182 4612 stas
192 4555 305 4611 domnus
319 4555 346 4610 iu
360 4570 474 4625 corpore
486 4553 638 4625 requiescit,
653 4562 680 4608 et
694 4553 821 4616 munus,
837 4556 915 4619 abba,
967 4554 1122 4625 diligencius
1135 4553 1293 4623 inquirerit;
1308 4552 1379 4621 qued
1394 4552 1430 4607 ita
1449 4560 1477 4607 et
1491 4551 1556 4607 llcit.
1577 4550 1623 4607 Sic
1645 4551 1679 4606 ad
1699 4551 1757 4621 ipso

132 4640 481 4712 venementius
491 4641 599 4697 teleneu
609 4641 636 4696 in
648 4640 800 4711 integretati
812 4641 848 4698 de
862 4642 917 4713 ipsa
967 4647 1026 4703 viro
1049 4644 1203 4702 Grinroalrle
1225 4644 1275 4700 init
1293 4643 1461 4714 julecatnm,
1477 4651 1507 4698 ut
1519 4658 1566 4698 sex
1588 4642 1710 4698 bomenis
1724 4641 1758 4696 de
1856 4694 1861 4705 ,

132 4733 281 4789 fistivetate
293 4732 380 4788 sancti
394 4731 514 4797 Dionisii,
528 4738 582 4787 tam
595 4732 647 4804 qod
662 4733 759 4788 ibidem
771 4748 852 4804 super
866 4743 918 4789 ter·
968 4734 1068 4803 ierne,
1082 4746 1111 4793 et
1124 4750 1171 4792 sex
1187 4735 1221 4791 de
1235 4733 1384 4799 Latiniaco,
1400 4716 1471 4789 boue
1485 4735 1569 4789 tideus
1591 4733 1616 4787 iu
1639 4733 1756 4788 oraturio

132 4840 179 4883 ras
191 4823 274 4894 ipsius
287 4824 402 4882 baselice
414 4822 532 4880 resedire
548 4823 680 4888 vedintur,
695 4839 775 4894 quam
790 4833 818 4880 et
832 4826 918 4894 postia
968 4841 1027 4892 suo,
1036 4841 1085 4882 seu
1097 4825 1216 4895 cappella
1230 4824 1316 4880 sancti
1326 4822 1485 4894 liarctlryni,
1498 4831 1647 4877 memorate
1661 4823 1755 4877 borne·

131 4917 190 4987 ipsa
204 4914 264 4969 vice
277 4913 310 4969 sd
323 4913 438 4969 Parisius
451 4928 532 4969 omne
544 4921 675 4983 tempore,
691 4915 810 4986 inspecta
825 4933 917 4972 eorum
968 4917 1010 4976 nis
1024 4917 1075 4972 hoe
1088 4915 1211 4971 debirent
1228 4915 1389 4982 conjurare,
1407 4912 1480 4987 quod
1499 4926 1514 4966 a
1533 4911 1614 4981 longo
1635 4921 1757 4980 ternpore

169 5100 180 5128 ¹
195 5090 244 5146 ilic
258 5089 360 5212 priores
374 5089 435 5145 edd.
449 5105 458 5141 t
472 5089 541 5161 quoti
554 5089 663 5143 cumbae
680 5089 808 5158 eumenis
820 5053 849 5145 ia
861 5093 917 5161 pri·
966 5087 1056 5147 collati
1078 5086 1229 5143 recudimus
1252 5086 1378 5155 (quocum
1393 5100 1499 5153 nevam,
1516 5100 1565 5140 nec
1583 5086 1690 5147 frustra,
1708 5098 1754 5138 re-

129 5158 244 5219 mordie.
280 5173 402 5226 erperam
417 5167 516 5223 tamea,
532 5165 601 5214 teste
616 5157 794 5228 autographo.
966 5159 1118 5215 censionem
1133 5157 1245 5213 iristituit
1258 5156 1290 5211 i„
1306 5156 1421 5225 Teuletj.
1438 5155 1518 5211 ilulta
1533 5155 1614 5209 babet
1631 5153 1684 5209 boc
1697 5152 1755 5222 pla·

168 5228 180 5268 δ
195 5228 245 5285 llic
256 5229 359 5298 priores
368 5227 429 5282 edd.
441 5222 563 5298 legdunt
572 5226 716 5292 mimicae,
729 5243 787 5300 qum
800 5245 851 5284 vox
864 5244 917 5286 nen
966 5227 1246 5296 citurnuotatudigna,
1257 5227 1291 5286 de
1304 5227 1400 5295 quibus
1411 5225 1437 5280 in
1445 5223 1643 5293 prolegomenis
1653 5221 1752 5283 nostris

129 5305 221 5355 exstat
233 5298 260 5352 in
274 5307 385 5364 autogra
407 5301 458 5360 bo,
471 5295 608 5369 nullumqu
618 5317 623 5332 ·
634 5312 741 5352 scissum
753 5297 862 5366 prabet.
966 5297 1133 5354 commodius
1144 5300 1254 5368 egimus.
1271 5294 1426 5353 roettssrue
1438 5297 1570 5349 sermonis
1581 5291 1653 5346 vitiis
1666 5291 1755 5345 detur·

169 5381 179 5408 e
194 5365 288 5422 Exstat
299 5366 369 5438 apud
419 5365 584 5433 abillonium,
597 5366 631 5421 de
646 5367 683 5421 lle
695 5367 760 5432 tbpl.
777 5383 809 5435 pa
830 5405 837 5419 .
853 5365 916 5435 ite,
967 5374 1058 5437 patum
1070 5366 1285 5429 instrumentum,
1296 5363 1532 5427 artemittetamen,
1543 5361 1613 5430 quad
1624 5361 1752 5422 sciamus,

129 5437 341 5495 ctl'eiibianum.
355 5434 424 5506 llist.
435 5436 495 5491 abb.
506 5437 534 5494 S.
545 5435 622 5490 ilion.
635 5435 917 5507 pag.⁴l9,exscriptum
966 5436 1001 5492 dc
1013 5435 1079 5497 laiso
1091 5436 1258 5504 criminatum
1273 5431 1332 5488 luit.
1346 5431 1410 5499 Quis
1423 5439 1511 5484 auirm
1526 5428 1606 5485 luerit
1619 5430 1693 5487 lucus
1704 5444 1754 5507 ιιο·ι

129 5523 163 5562 cr
185 5503 351 5576 autographo
367 5509 453 5576 (nuuc
472 5505 498 5561 in
522 5504 638 5561 drclriro
650 5509 736 5574 regni,
752 5522 778 5570 ι,
793 5520 875 5561 sertrr.
890 5506 916 5571 5,
967 5507 1039 5562 mine
1050 5504 1188 5560 cadolsici
1202 5502 1349 5571 appellatus
1366 5498 1464 5555 videsis
1476 5499 1503 5555 in
1517 5499 1649 5570 opusculo
1662 5499 1754 5576 drumm

129 5579 292 5640 asservato),
307 5583 334 5627 et
346 5577 370 5629 in
385 5574 451 5633 (loll.
465 5574 558 5644 script.
581 5588 633 5628 rer.
648 5574 743 5629 l’rauc.
761 5583 781 5628 t.
793 5573 836 5636 ti.
854 5591 916 5646 pag.
968 5575 1092 5639 Germani
1111 5573 1146 5629 de
1159 5571 1227 5626 villis
1238 5571 1333 5640 regiis,
1347 5571 1446 5625 inserto
1459 5569 1485 5624 in
1500 5584 1583 5642 opere
1597 5568 1755 5632 llabillonn,

129 5643 193 5710 est,
212 5658 242 5699 ax
263 5643 426 5701 liabitlouio.
449 5644 488 5698 sd
503 5645 580 5699 iidem
595 5645 751 5712 autographi
766 5645 917 5713 diligentus
968 5645 1002 5699 de
1014 5644 1052 5699 lle
1065 5642 1254 5714 diplomatica,
1263 5655 1322 5712 pag.
1336 5638 1387 5697 idi
1402 5649 1429 5696 ct
1440 5638 1502 5697 ibi.
