3810 6128
173 245 228 319 ,ilfa
742 234 909 290 dtrtstomt
932 231 1094 288 ni'tttcaNt
1116 230 1265 286 urtscort
1760 230 1809 282 titt

177 325 275 410 CCXL.
294 352 328 411 tu
343 352 488 408 corastituris
505 349 592 404 diebus
613 350 723 420 uit-pines
738 363 820 401 seerac
840 347 962 400 telenum.
981 342 1142 407 ,tlruuraam
1157 341 1294 410 fragilitati
1304 341 1467 410 generaliter
1481 353 1608 396 carterssa
1624 340 1744 407 licerttia,
1760 342 1813 397 alia

216 463 257 519 E,
272 465 381 519 ,secun-3
404 479 480 534 pepoe
502 460 610 525 gelmi,
625 460 664 512 ω,
684 458 727 513 ¹2·
742 457 850 513 newis
860 431 992 526 quom
1019 433 1100 514 debet
1112 447 1172 487 esse
1184 431 1237 485 rita
1253 431 1401 486 divinarum
1416 446 1505 485 rermu
1521 430 1777 489 servitiodedicata.

179 558 337 626 uirginibus,
354 556 404 610 nisi
419 564 465 607 aut
489 554 514 606 in
540 550 760 620 Epipltauioruru,
782 558 827 602 ant
851 550 877 603 iu
901 549 968 602 albis

83 684 86 689 »
179 645 364 707 ιἰιιιιιιιιιιιι,
379 650 425 696 ιιι
449 644 474 695 in
501 640 690 710 Apostolorum
705 640 849 707 natalibus,
862 656 967 695 sacrum

178 728 289 791 'trtiuirue
304 735 425 789 uelamen
451 734 605 802 iutponaut;
630 731 682 786 uisi
704 731 828 798 forsitan,
843 731 913 786 sicut
934 730 968 786 dc
994 758 998 764 ’

161 821 163 824 ’
179 829 341 897 baptismate
354 826 455 881 dictum
470 835 520 890 est,
537 825 612 894 gravi
628 825 756 893 languore
776 825 920 895 coneptu,
936 841 969 879 ue

179 919 238 971 siue
253 917 303 971 ltoc
328 930 440 970 munere
454 915 488 970 de
507 915 606 970 sacculo
622 924 731 980 escant,
764 915 969 986 implorantibus

180 1025 233 1064 nou
249 1017 374 1078 negetur.

343 1142 455 1198 cetat.
470 1142 503 1196 ιιι
518 1143 600 1197 uiduus
614 1160 666 1198 uou
686 1153 808 1200 errentur.

219 1273 260 1328 Es
278 1275 387 1328 decretis
402 1291 477 1343 puae
499 1273 605 1338 Gelasii,
630 1278 669 1329 tit.
694 1275 737 1331 ld.
759 1277 857 1332 l'itluas
880 1287 969 1333 auteur

182 1363 273 1418 velare
287 1363 441 1432 puuritlourn
457 1364 546 1419 nullus
558 1374 683 1432 attentet,
699 1367 770 1437 quod
785 1383 834 1423 neo
849 1369 969 1423 auctori-

183 1457 248 1507 ruas
263 1453 353 1507 uitiata
371 1453 487 1522 delegat,
502 1470 552 1510 nec
574 1470 709 1511 canonum
720 1457 806 1512 forma
817 1460 969 1529 praestituit.

184 1544 241 1598 dun
256 1552 298 1598 est
311 1559 375 1611 ergo
390 1545 497 1614 penitus
512 1547 706 1618 usurpandum,
722 1549 814 1619 eisque
829 1551 868 1606 sie
882 1551 970 1626 eccle7

183 1633 291 1688 siastica
307 1642 370 1687 sunt
385 1633 523 1690 inferenda
540 1637 673 1706 prasidio,
689 1647 719 1693 ιι
733 1639 798 1694 niltil
817 1642 970 1696 eottrmitta-

185 1735 229 1778 tur
243 1726 372 1781 illicitum.

218 1814 298 1886 Citius
312 1833 400 1883 supe,
425 1819 499 1873 ritulo
513 1818 557 1874 ιι.
576 1819 641 1874 Natu
665 1823 698 1876 de
718 1822 805 1878 viduis
829 1823 879 1877 sub
900 1823 971 1876 nulla

184 1905 374 1962 benedictione
397 1908 519 1966 relartdis
542 1913 665 1982 superius
679 1913 733 1969 late
756 1914 879 1970 duximus
892 1913 973 1970 disse

188 1997 394 2064 readunatione
416 2000 438 2053 si
455 2002 563 2070 propria
590 2003 726 2057 voluntate
742 2004 897 2073 professam
917 2005 973 2074 pri·

185 2087 248 2143 stiui
273 2088 392 2158 conjugii
418 2091 570 2145 castitatem
594 2094 716 2149 tnutabib
738 2103 828 2149 ruente
851 2095 974 2150 calcare-

185 2179 248 2243 rint,
273 2180 384 2248 persenti
407 2196 501 2236 earum
526 2184 647 2239 intererit
660 2184 733 2255 quali
756 2186 839 2240 ileum
860 2185 976 2242 debeam

187 2267 372 2325 satisfactione
387 2271 505 2341 placare.
522 2274 597 2329 Sicut
610 2275 682 2330 enlm
703 2275 725 2329 si
740 2290 771 2330 se
782 2276 893 2330 l'orsitm
909 2293 976 2333 cort·

190 2361 277 2414 tinere
292 2375 345 2414 non
370 2370 495 2430 poterant
510 2364 656 2419 secuudum
672 2365 843 2436 Apostolum,
860 2368 976 2423 nullate·

195 2463 244 2503 ntis
271 2450 374 2506 nmero
394 2452 569 2519 relabantur;
584 2455 624 2512 sic
647 2456 737 2511 ltabita
761 2473 854 2513 secura
876 2458 978 2514 delibe-

188 2541 293 2596 ratione
317 2543 477 2613 promissam
504 2546 558 2601 lleo
573 2547 706 2617 pudicitia
731 2550 810 2606 fidem
828 2551 979 2608 debuerunt

189 2631 336 2710 custodire.
350 2631 405 2690 Nos
419 2642 508 2690 autem
525 2636 627 2690 nullum
643 2638 741 2695 talibus
753 2639 878 2710 laqueum
892 2642 978 2698 debe-

190 2736 251 2776 mus
265 2720 389 2802 injicere,¹
401 2726 448 2779 sed
471 2726 557 2782 sofum
579 2727 858 2793 hortationem-namu
879 2733 979 2803 sempi-

187 2811 270 2880 terni,
283 2827 596 2887 poeuasqueproponere
614 2817 697 2874 divini
718 2817 824 2889 judicii,
846 2830 874 2875 ut
888 2831 980 2876 nostra

187 2907 223 2963 sit
237 2909 360 2965 absoluta
378 2913 554 2978 conscientia,
571 2922 598 2969 ct
612 2914 716 2971 illarum
739 2931 789 2984 pro
803 2931 833 2969 sc
848 2916 979 2970 rationein

191 3001 246 3058 lieo
261 3003 355 3060 reddat
371 3006 493 3062 intentio.
513 3006 667 3063 Cavendum
689 3009 929 3078 assumptisque
945 3008 980 3064 de

190 3091 287 3146 barum
301 3093 420 3150 moribus
443 3096 602 3166 actibusque
627 3097 721 3152 beatus
746 3096 843 3153 l'aulus
863 3106 977 3153 testatur

191 3185 338 3252 apostolus,
354 3185 425 3257 quod
450 3188 556 3256 planius
580 3205 717 3259 exponere
740 3193 916 3261 praeterimus,
943 3203 978 3247 ιιι

193 3287 274 3328 serus
288 3275 420 3331 instabilis
440 3292 494 3332 non
512 3288 565 3332 tarn
582 3277 713 3334 deteriori
735 3295 816 3349 quam
838 3280 979 3336 admoueri

192 3363 324 3420 vitleatur.

192 3496 311 3554 ccxttt.
337 3497 412 3564 Quod
427 3502 559 3558 demontus
572 3505 680 3574 aliisque
700 3505 862 3574 passionibus
875 3509 982 3562 trrettrit

336 3587 412 3625 sucro
428 3575 549 3644 utpsteriu
563 3584 674 3628 truciore
690 3592 739 3629 ttou
752 3575 841 3630 licent.

229 3699 273 3755 Es
294 3701 402 3757 decretis
423 3720 496 3774 cujus
514 3705 657 3773 stuprarit.
673 3704 717 3762 ιιι.
734 3703 824 3773 Usque
837 3704 905 3759 adeo
918 3717 984 3758 sane

193 3793 384 3863 comperimus,
400 3794 491 3851 illicita
503 3810 615 3864 tritaque
628 3809 814 3865 prorumpere,
833 3803 863 3849 ut
881 3793 983 3848 daeruo·

194 3883 245 3938 uiis
258 3884 308 3938 sim
321 3884 444 3955 libaque
454 3886 621 3956 passionibus
645 3886 763 3941 irretitos
781 3884 927 3939 ruiaistcria
942 3897 985 3938 sa·

193 3986 334 4032 erosaucta
350 3984 466 4032 tractare
480 3978 613 4033 tribuatur
628 3996 634 4030 :
648 3978 744 4046 ouibus
756 3976 778 4032 si
793 3977 820 4030 iu
836 3976 887 4030 boc
899 3987 983 4044 opere

194 4065 288 4132 positis
302 4065 401 4136 aliquid
416 4069 530 4138 propria
547 4069 716 4124 necessitatis
731 4075 863 4130 occurrat,
879 4065 984 4135 quisde

194 4170 244 4211 sua
259 4157 374 4211 lideliuru
390 4160 476 4214 salute
492 4160 618 4224 confidet,
633 4161 678 4215 ubi
692 4160 828 4214 ministros
848 4158 921 4226 ipsos
933 4171 983 4212 ou·

194 4246 306 4302 rationis
319 4247 442 4303 bumana
455 4258 526 4303 tanta
539 4250 705 4319 perspexerit
715 4248 869 4304 calamitate
879 4245 984 4301 aerarii

1036 549 1171 605 dextri.
1197 549 1233 604 ιιι
1246 549 1277 602 ab
1291 549 1418 619 epscopus
1438 551 1609 615 praesentiore
1629 565 1704 620 pupae
1725 566 1798 605 noro

1276 618 1388 673 basilica
1402 620 1563 673 dedicentur.

1056 707 1097 763 lfa
1121 709 1230 763 decretis
1252 725 1328 779 popu
1342 707 1456 775 Galerii,
1470 711 1509 764 ιιι.
1523 707 1540 761 ι
1566 709 1697 765 basilicas
1710 711 1817 764 noviter

1020 801 1155 856 institutas
1171 816 1224 855 riou
1240 800 1331 869 petitis
1345 815 1378 854 ex
1394 816 1470 856 ruore
1491 801 1719 871 praeceptionibus
1737 801 1815 856 dedi-

1022 907 1086 949 care
1101 907 1153 946 riou
1168 892 1301 959 audeant;
1327 907 1380 946 non
1404 892 1524 947 ambiant
1549 889 1658 946 sibimet
1678 890 1818 946 uindicare

1020 982 1133 1038 clericos
1148 982 1289 1052 potcstatis
1303 981 1405 1036 alierue.

1021 1091 1055 1148 Ει
1069 1094 1140 1148 stultu
1154 1093 1262 1149 basilica
1283 1093 1328 1148 sub
1346 1095 1527 1163 defurutoruru
1540 1102 1689 1149 constructo
1714 1097 1817 1150 nomine

1348 1164 1487 1217 dedicetur.

1058 1255 1137 1329 Crtjru
1149 1274 1239 1327 supra,
1255 1256 1323 1309 titul.
1340 1252 1384 1308 25.
1410 1255 1448 1309 [ιι
1472 1254 1593 1310 locttrum
1612 1257 1819 1311 consecratione

1021 1355 1186 1412 sanctorum,
1201 1347 1325 1416 quamtis
1338 1346 1461 1416 superius
1473 1345 1586 1401 strictim
1600 1344 1682 1400 fuerit
1695 1361 1820 1414 compre-

1022 1438 1145 1500 hensum,
1161 1437 1238 1492 uobis
1255 1452 1364 1506 quoque
1378 1436 1539 1503 patefactum
1559 1444 1601 1491 est
1622 1437 1696 1506 quod
1718 1438 1820 1508 absone

1022 1535 1157 1598 praecepto
1177 1527 1249 1583 sedis
1269 1527 1425 1598 apostolica
1449 1526 1571 1581 nonnulli
1593 1523 1679 1582 luctas
1691 1527 1820 1582 ecelesias

1025 1621 1066 1674 ιιι
1082 1620 1202 1674 oratoria
1217 1630 1326 1674 sacrare
1342 1625 1515 1688 presumant.
1539 1616 1597 1673 lloc
1622 1633 1717 1673 suiuus
1731 1628 1819 1673 umen

987 1697 1010 1756 Β
1027 1710 1125 1765 indicio
1140 1707 1335 1764 detestabiliori
1347 1709 1462 1779 permoti
1476 1706 1548 1777 quod
1561 1707 1587 1763 iu
1597 1723 1759 1778 utrocunque
1774 1726 1821 1764 uo·

1023 1802 1095 1855 ntirre
1109 1800 1308 1864 «infaustorum,
1323 1808 1350 1853 et
1363 1807 1494 1867 quamam
1509 1798 1619 1863 dicitur,
1646 1813 1697 1852 nec
1711 1799 1822 1853 orurriuo

1025 1884 1142 1944 fidelium
1158 1889 1373 1944 constructiones
1386 1884 1534 1942 adificatas
1547 1887 1631 1942 sacris
1646 1887 1822 1957 professioni·

1025 1979 1074 2034 bus
1089 1994 1122 2033 au
1133 1978 1217 2033 laeter
1231 1977 1372 2032 instituere
1394 1985 1586 2031 metuorantur.
1609 1976 1675 2044 Quas
1695 1979 1824 2048 quonium

1026 2079 1080 2126 tam
1093 2071 1200 2134 acerba,
1214 2079 1268 2124 tam
1282 2069 1348 2124 dura
1361 2076 1433 2135 sunt,
1446 2080 1475 2124 ut
1485 2068 1579 2125 eadem
1594 2071 1639 2124 ris
1649 2078 1745 2125 noster
1756 2071 1827 2126 ferro

1026 2170 1117 2232 posset
1132 2159 1257 2226 auditus;
1274 2159 1297 2215 si
1313 2175 1407 2214 reuera
1431 2157 1642 2214 Christianitatis
1665 2157 1780 2215 affectus
1801 2161 1826 2215 in

1026 2249 1079 2304 illis
1090 2248 1244 2318 regionibus
1257 2256 1356 2314 certus,
1373 2255 1400 2302 et
1415 2247 1485 2302 liras
1498 2254 1550 2313 est,
1571 2256 1599 2302 et
1609 2248 1758 2304 districtius
1770 2250 1823 2305 ista

1027 2351 1190 2411 querantur,
1207 2349 1233 2395 ιι
1248 2356 1262 2394 a
1277 2340 1375 2409 quibus
1389 2338 1487 2393 luerint
1499 2347 1574 2409 gesta
1587 2338 1750 2408 prodantur.
1760 2356 1829 2405 ‹guo-

1028 2431 1098 2486 uiam
1113 2431 1183 2485 suut
1205 2430 1352 2484 latentibus
1375 2429 1401 2483 in
1427 2431 1478 2483 bac
1501 2430 1645 2484 atrocitate
1661 2430 1828 2496 nominibus,

1029 2540 1082 2580 uon
1095 2531 1183 2578 exstat
1205 2524 1231 2578 in
1254 2539 1334 2592 quern
1349 2523 1482 2578 sententia
1497 2522 1588 2577 debita
1604 2521 1768 2593 proferatur,
1792 2524 1830 2577 ita

1029 2630 1089 2672 cunt
1115 2613 1265 2669 nratriiestis
1291 2613 1372 2668 fuerit
1388 2613 1558 2668 documentis
1574 2612 1725 2682 expositus,
1747 2626 1829 2681 quatu

1029 2705 1139 2777 sceleris
1155 2705 1220 2759 tanti
1235 2703 1319 2775 poscit
1337 2704 1499 2767 immanitas,
1517 2717 1570 2757 non
1588 2709 1601 2737 ι
1619 2700 1713 2756 uitabit
1729 2701 1828 2756 ullate-

1031 2812 1081 2852 nus
1096 2795 1238 2850 ultionem.

1031 2908 1154 2968 ccxlv,
1172 2907 1242 2962 tirsi
1256 2907 1312 2977 quis
1325 2906 1458 2974 episcopus
1473 2905 1499 2956 itt
1522 2904 1629 2957 crimine
1644 2902 1740 2970 abege
1762 2911 1830 2953 teut-

1068 2996 1130 3049 pore
1153 2977 1245 3049 ayraudi
1269 2977 1383 3029 detentus
1399 2976 1486 3044 tuerit,
1513 2991 1529 3025 o
1555 2971 1832 3040 duodecuuepiacopis

994 3056 1019 3123 c
1070 3049 1191 3103 audietur
1221 3044 1355 3117 presbyter
1368 3061 1424 3099 uero
1440 3060 1455 3097 a
1470 3060 1534 3110 sem
1548 3042 1703 3096 diaconatu
1719 3038 1813 3095 tribur.

1068 3162 1166 3219 feurit.
1191 3159 1327 3231 Cur-timp,
1346 3159 1386 3212 ιιι.
1410 3156 1454 3211 lb.
1480 3156 1553 3211 Felix
1569 3155 1715 3225 opiscopus
1737 3152 1829 3208 dixit:

1034 3257 1158 3325 suggero
1172 3253 1320 3310 seeundum
1335 3260 1436 3306 statuta
1452 3259 1572 3304 aeterum
1587 3247 1780 3311 conciliorum,
1804 3253 1834 3299 ut

1034 3351 1055 3408 si
1070 3338 1130 3419 odis
1142 3349 1286 3417 episcopus
1300 3343 1383 3415 (quod
1396 3357 1449 3396 non
1467 3339 1603 3410 optentus)
1616 3339 1643 3392 iu
1658 3345 1765 3392 restrum
1780 3336 1832 3390 ali·

1034 3456 1115 3512 quem
1140 3437 1293 3501 incurrerit,
1319 3443 1348 3490 ct
1367 3433 1446 3489 fuerit
1469 3432 1494 3488 ei
1518 3433 1599 3487 nimia
1615 3431 1764 3486 necessitas
1779 3443 1833 3483 non

1037 3546 1116 3603 posse
1128 3530 1259 3600 plurimos
1269 3538 1434 3594 congregare
1448 3544 1453 3577 :
1470 3538 1504 3577 ne
1517 3523 1543 3577 in
1555 3522 1667 3577 crimine
1677 3529 1833 3583 remancat,

1036 3618 1206 3674 aduodeeim
1229 3614 1373 3686 episcopis,
1387 3623 1414 3668 et
1429 3613 1569 3684 presbyter
1591 3627 1606 3665 a
1631 3625 1678 3666 sex
1697 3609 1835 3681 episeopis

1035 3723 1096 3763 cum
1116 3706 1225 3776 proprio
1245 3720 1294 3761 suo
1313 3703 1440 3775 episcopo
1454 3701 1589 3764 audiatur,
1609 3708 1638 3755 ιι
1657 3699 1793 3756 diaconus
1819 3714 1834 3753 a

1036 3795 1130 3850 tribus.

1071 3882 1169 3938 Coucil.
1186 3883 1368 3952 suprascript„
1383 3881 1423 3934 tit.
1440 3878 1484 3933 ιι).
1510 3876 1538 3932 si
1553 3887 1643 3932 autern
1667 3875 1835 3948 presbyteri,

1036 3976 1078 4032 ιιι
1094 3975 1201 4030 diaconi
1216 3973 1314 4029 luerint
1328 3973 1459 4040 accusati,
1474 3972 1601 4042 adjuncto
1615 3971 1665 4027 sibi
1686 3986 1722 4025 es
1738 3971 1837 4026 rit-ius

1035 4069 1102 4125 locis
1126 4067 1250 4137 proprius
1272 4067 1414 4137 episcopus
1433 4064 1552 4134 legitimo
1576 4077 1689 4118 numero
1713 4062 1838 4130 collega·

1036 4175 1107 4228 rum,
1122 4173 1190 4228 quos
1213 4156 1359 4212 abeodem
1381 4154 1499 4210 accusati
1516 4153 1651 4225 petierint,
1675 4151 1703 4206 id
1721 4160 1837 4207 estune

1035 4254 1177 4330 secontia
1201 4251 1350 4325 presbyteri
1371 4252 1479 4305 nomine
1502 4265 1560 4312 sex,
1586 4251 1613 4303 in
1633 4247 1743 4303 ‹liaeoni
1766 4255 1835 4313 tres,

195 4336 283 4409 Atque
298 4338 358 4393 ¹⁶⁰⁰
379 4341 529 4395 ssecebbifii
544 4340 697 4395 ῐθιιιῡιθῦᾱι
721 4347 794 4405 ⁵⁰⁰¹,
821 4354 855 4393 ¹¹0
874 4336 984 4406 quibus·
999 4347 1155 4428 „ipsorum
1171 4359 1280 4399 causam
1304 4343 1460 4408 discutiant,
1475 4341 1569 4398 cadem
1583 4340 1698 4407 dierum,
1715 4348 1745 4395 et
1765 4340 1837 4395 dila·

195 4427 269 4494 libet,
294 4442 343 4497 pro
366 4429 463 4498 quilius
481 4429 602 4483 llari-tus
623 4436 665 4484 est
684 4437 815 4492 utorium,
830 4427 987 4483 scandalunt

195 4528 339 4586 generetur
353 4521 474 4574 infirmis.
491 4523 639 4588 l'ostrcmo,
665 4522 687 4577 si
708 4538 823 4592 corpore
839 4521 987 4576 sauciatum

197 4613 328 4678 fortassis,
340 4622 385 4667 aut
400 4612 514 4668 debilem
537 4629 705 4684 nequaquam
726 4624 818 4671 sancta
831 4615 989 4682 contingere

196 4704 237 4758 lor
250 4704 337 4759 diuina
354 4708 488 4776 perurisit;
504 4718 605 4777 qrranto
621 4709 705 4777 magis
721 4707 784 4761 doni
805 4706 921 4761 coelestis
935 4705 988 4760 dis·

198 4802 357 4863 pensatores
375 4814 435 4853 esse
459 4815 512 4854 uon
533 4801 677 4867 convenit,
702 4799 775 4870 quod
797 4808 839 4854 est
858 4797 987 4865 deterius,

199 4898 288 4941 rrtcntc
301 4890 455 4957 perculsus?

199 5039 333 5096 ccxtllt.
359 5039 434 5106 Quod
456 5044 568 5098 secundo
595 5044 717 5113 corrjupio
748 5042 913 5097 sectatoribus
938 5059 990 5096 nou

232 5111 398 5194 elertcpcntur,
412 5113 502 5195 qrtibar
520 5122 605 5195 touton
627 5131 675 5182 pro
698 5114 746 5168 ltoc
759 5114 815 5183 ipso
837 5113 872 5166 ad
895 5113 990 5167 rlertuu

236 5198 340 5236 mtrrrme
352 5193 467 5237 corruerat
482 5200 609 5253 captatore.

238 5310 279 5365 Ea
294 5314 387 5367 decem.
400 5330 475 5382 papiu
490 5309 590 5376 Getes,
607 5316 644 5367 tir.
661 5312 706 5367 di.
731 5313 870 5367 Secuudas
884 5313 991 5383 nuptias

201 5403 268 5455 sicut
282 5404 454 5459 sacerraubus
467 5404 535 5459 inire
546 5404 713 5471 conceditur,
724 5405 759 5458 ita
772 5412 832 5474 post
845 5420 891 5458 eas
903 5405 992 5459 nultus

201 5495 233 5545 atl
249 5494 372 5550 clericale
384 5491 488 5551 sinatur
500 5498 592 5552 restire
614 5497 776 5566 collegium:
791 5497 843 5552 alia
859 5505 900 5551 est
919 5510 990 5550 emm

243 5656 252 5681 ι
270 5645 345 5702 broit.
362 5647 450 5721 linig,
466 5651 578 5722 effugiet.
604 5714 608 5721 ι

1039 4437 1141 4490 tionum
1155 4442 1182 4489 et
1197 4435 1411 4490 acommunione
1423 4433 1614 4499 remotionum,
1624 4441 1651 4487 et
1662 4430 1836 4486 discussione

1039 4540 1226 4596 personarum,
1247 4525 1318 4579 iuter
1333 4533 1513 4589 accusatores,
1532 4533 1560 4580 et
1577 4539 1624 4578 eos
1642 4523 1687 4591 qai
1704 4536 1835 4576 accusan-

1039 4620 1084 4670 tur
1107 4615 1192 4670 lorma
1218 4623 1336 4669 serrata.
1362 4613 1535 4681 Reliquorum
1561 4620 1650 4667 autern
1672 4610 1839 4666 eloris-orum

1040 4719 1136 4759 causas
1158 4705 1238 4759 etiam
1251 4703 1327 4759 solus
1340 4704 1484 4774 episcopus
1498 4703 1549 4759 loci
1565 4711 1694 4773 agnoscat
1708 4709 1739 4755 et
1749 4702 1839 4754 liniat.

1038 4814 1177 4871 ecastr.
1193 4813 1232 4868 Dr
1245 4813 1351 4869 diensis
1364 4813 1497 4869 ordinibus
1519 4811 1641 4865 Ecclesiae
1650 4808 1841 4875 sumentibus,

1075 4895 1102 4938 ut
1115 4887 1137 4938 ri
1151 4885 1206 4956 quis
1221 4885 1247 4937 iu
1262 4899 1367 4938 corruent
1389 4884 1536 4943 incurrerit,
1561 4890 1586 4935 et
1610 4879 1730 4934 abnuerit
1756 4880 1826 4934 eccle

1075 4957 1205 5009 siusticuut
1216 4954 1353 5024 judicium,
1366 4951 1455 5006 debent
1468 4952 1620 5021 periclitari.

1075 5043 1174 5098 Concil.
1203 5040 1341 5109 Cort.,tit.
1363 5040 1408 5095 lb.
1439 5040 1505 5095 ltem
1529 5040 1629 5109 placuit
1655 5047 1686 5093 ut
1713 5040 1842 5110 quisquis

1040 5133 1239 5203 episcoporum,
1257 5132 1485 5202 presbyterorum,
1501 5129 1687 5195 diaconorum,
1712 5145 1765 5184 scu
1784 5131 1844 5184 cle·

1042 5226 1169 5289 cicorum,
1185 5239 1246 5279 euru
1258 5223 1283 5277 iu
1300 5223 1412 5278 eeclesia
1428 5222 1453 5277 ei
1468 5221 1658 5276 fueritcrimcn
1671 5220 1843 5285 institutum,

1041 5315 1084 5370 vel
1098 5315 1184 5370 ciuilis
1198 5329 1280 5370 causa
1302 5314 1382 5368 fuerit
1396 5322 1542 5377 commota,
1561 5311 1583 5367 si
1598 5311 1693 5366 relicto
1706 5312 1846 5366 ecelesia-

1040 5405 1110 5460 stieo
1118 5404 1230 5473 judicio,
1246 5405 1360 5473 publicis
1368 5402 1475 5474 judiciis
1487 5403 1593 5475 purgari
1604 5403 1731 5468 uoluerit,
1743 5405 1845 5457 etiam-

1041 5499 1063 5551 si
1086 5510 1134 5566 prn
1159 5495 1217 5550 iaso
1242 5493 1324 5550 interit
1345 5495 1616 5564 prolatasentcutia,
1644 5494 1733 5551 lorum
1761 5509 1845 5549 suurn
