3810 6128
134 248 187 305 tub
483 242 643 300 t’bttrtttt
664 242 745 299 itud.
761 239 863 299 CLEll.
886 236 1082 295 toututttt
1101 235 1245 294 oteutttt
1262 235 1349 294 utus
1365 236 1395 293 ll.
1710 236 1764 293 tri

131 367 230 426 strictis
244 362 399 428 luminibus,
411 372 440 418 ιιι
454 359 524 416 unde
539 362 629 415 oleum
645 358 814 414 benedictum
826 356 919 427 injice·
937 358 960 415 tt
974 353 1195 425 Augustudunum
1211 352 1341 407 ιῡΙιιίθιθῑ
1359 351 1506 411 tetidem·
1523 364 1583 404 ¹¹¹⁰!
1595 349 1628 403 ιι
1642 363 1768 407 ”illim

131 472 190 528 ret,
205 456 312 514 luminis
333 456 432 508 aditum
455 468 507 507 non
530 458 678 519 prestaret.
694 447 796 503 'lamen
818 462 920 517 perun·
975 449 1199 522 Sympltorianurn
1219 449 1355 503 drerttones
1370 448 1534 500 nuntiabam.
1551 450 1583 502 tsst
1595 461 1771 507 occurrentes

130 554 181 610 rtis
195 549 328 621 palpebris
342 548 458 615 desuper
472 554 500 599 et
524 543 589 595 iocis
603 540 712 607 rctiprts
732 538 828 609 eapitis
841 577 849 603 ,
864 550 923 589 ora·
974 554 1023 610 per
1036 539 1184 594 ilrrrtutum
1201 537 1265 592 ssetu
1276 541 1429 607 genritnque
1440 536 1591 591 clamabant
1602 556 1630 591 :r
1648 536 1693 593 vir
1704 554 1771 594 san·

131 648 203 701 tione
219 642 303 705 data,
331 653 399 708 pane
415 647 441 690 et
456 634 512 688 sale
533 633 658 703 signato,
675 630 779 684 rrrrrlieri
796 628 924 698 precepit
973 640 1033 695 cte,
1060 629 1131 686 side
1146 629 1212 683 locis
1227 629 1306 684 cultis
1322 644 1371 681 nos
1394 628 1625 684 inconsideranter
1646 630 1769 700 repetita,

130 737 165 792 erl
188 735 352 790 prensionem
376 743 406 783 ιι
427 725 554 780 condere.
574 724 665 793 lpsea
688 722 774 789 primo
789 734 883 773 sontno
897 721 923 773 in
975 722 1015 776 rel
1030 721 1149 776 babitare
1171 721 1288 777 concede
1310 721 1437 775 siliarum
1461 737 1509 790 per
1525 721 1722 789 solitudinem,
1739 736 1771 775 ιιι

131 827 250 883 oratorio
267 819 401 892 pervigil,
418 816 490 873 circa
510 815 626 869 trtcttinm
646 812 733 868 noctis
756 810 854 866 mulier
869 812 924 865 ela·
975 811 1052 867 liceat
1066 812 1169 867 miseris
1184 826 1232 882 per
1252 813 1357 867 deerta
1378 826 1488 868 securos
1503 796 1602 870 errare.
1622 817 1692 870 Ante
1707 825 1771 870 tra-s

131 925 186 972 mat
205 913 337 984 itnspitent
351 950 359 976 ,
375 924 404 964 se
418 912 568 979 lacrymare
588 904 706 975 prolnse.
722 904 791 958 'l'nm
805 916 923 958 accettso
974 908 1065 957 ocutos
1080 917 1128 956 nuc
1143 916 1256 970 corpora
1267 916 1315 955 nos
1326 902 1424 969 celant,
1441 917 1489 958 nec
1501 918 1638 957 nemora.»
1652 904 1703 972 Qui
1717 904 1770 961 de·

131 1004 231 1060 lrtrrrine
243 1003 277 1056 ab
296 999 435 1054 oculorum
450 1009 578 1065 compage
591 994 676 1049 cernit
691 1007 800 1047 manare
815 992 924 1061 sangui·
975 992 1070 1049 dentes
1082 1002 1110 1047 et
1121 994 1207 1047 sancti
1223 1008 1274 1046 noo
1291 993 1438 1047 tolerantes
1456 993 1644 1063 praescmiam,
1659 994 1769 1051 admota

133 1112 204 1151 netn.
220 1095 285 1161 Ques
297 1106 357 1147 cnm
372 1088 467 1145 eodem
483 1101 579 1141 cruore
601 1100 679 1140 inane
693 1084 727 1138 ad
739 1092 863 1138 sanctum
878 1096 924 1137 re·
974 1085 1032 1152 ejus
1044 1083 1148 1148 dextra,
1161 1086 1193 1136 rte
1209 1083 1328 1138 obsessis
1338 1083 1497 1152 corporibus
1512 1084 1610 1154 passim
1624 1085 1773 1141 verteban-

131 1189 191 1252 diit,
202 1186 250 1241 sed
264 1186 393 1253 ipserum
407 1195 474 1249 aqua
490 1178 633 1247 palpebras
647 1177 739 1231 locens
752 1185 778 1231 et
792 1175 923 1239 abluens,
975 1183 1018 1228 tm
1033 1176 1059 1229 in
1072 1174 1179 1244 lugam,
1197 1175 1268 1229 etde
1288 1181 1375 1230 sainte
1387 1174 1477 1246 popuii
1493 1173 1609 1246 proiecta
1631 1176 1770 1233 demonia

132 1275 300 1332 orationibus
316 1271 431 1335 additis,
447 1268 540 1323 oculus
552 1282 621 1321 nntts
633 1277 741 1337 apertus
753 1276 811 1332 cst;
827 1265 923 1320 deinde
976 1266 1198 1320 lamentabantur.

133 1369 219 1423 altero
243 1375 372 1436 peruncto
394 1362 492 1416 mulier
515 1358 623 1413 domurn
648 1361 804 1413 reuertitur.
822 1358 924 1413 [lebino
1010 1357 1056 1413 50.
1072 1359 1235 1414 Producatnr
1250 1358 1277 1412 in
1289 1358 1405 1413 medium
1416 1357 1506 1413 nobile
1520 1357 1586 1413 illud
1597 1357 1770 1415 miraculum.

131 1462 227 1517 eadem
242 1462 292 1513 sula
315 1466 393 1511 nocte
408 1454 519 1509 nimium
540 1452 599 1507 iuso
613 1453 759 1522 sangnine,
780 1453 924 1523 appropin-
975 1448 1041 1504 Cum
1056 1449 1243 1521 regrederetur
1258 1449 1381 1520 pontilct
1397 1450 1431 1506 de
1445 1459 1538 1503 sancto
1557 1450 1772 1521 Sytnpboriano,

133 1565 233 1621 agitatre
255 1550 320 1613 dic,
344 1545 477 1602 sacerdoti
498 1559 528 1599 se
542 1543 648 1598 obtulit.
663 1543 713 1609 Qut
728 1558 788 1598 cum
803 1544 838 1598 de
853 1544 923 1613 regis
974 1543 1083 1598 castello
1097 1543 1226 1598 avallone
1243 1554 1253 1581 ι
1271 1544 1322 1598 iter
1332 1558 1415 1614 agens
1430 1543 1586 1613 ingreditur,
1603 1542 1647 1598 ubi
1661 1557 1772 1601 reorum

134 1657 247 1698 occursu
261 1641 368 1695 dinanno
381 1646 572 1700 reverteretur,
589 1637 723 1704 ingressus
737 1636 764 1688 in
776 1636 922 1690 oratorium
976 1635 1118 1689 multitudo
1133 1640 1274 1689 torrebatur
1284 1634 1428 1705 ergastulo.
1448 1635 1543 1689 llinca
1560 1634 1665 1689 dienato
1680 1635 1773 1691 conti-

132 1734 222 1788 statlm
245 1730 351 1786 mulieri
376 1728 444 1782 alter
464 1726 559 1779 oculus
572 1730 709 1794 aperitur,
724 1735 762 1789 et,
784 1735 925 1794 prestante
944 1715 1003 1779 Bte
1023 1725 1148 1780 irttitatut
1163 1726 1195 1778 ad
1212 1725 1362 1794 prandium,
1387 1725 1429 1778 rir
1450 1725 1496 1779 bet
1516 1724 1597 1794 caepit
1610 1725 1644 1781 de
1660 1726 1771 1783 unteri-

131 1824 259 1889 diotnino,
275 1819 391 1892 gemello
405 1817 532 1873 renidere
545 1817 644 1870 luntinc
660 1816 817 1881 proiciatur.
977 1814 1069 1870 cordia
1086 1814 1139 1868 inb
1157 1830 1185 1869 re
1197 1814 1368 1885 colloquium,
1382 1814 1492 1871 tardatis
1514 1816 1718 1886 tdejnssoribns
1731 1819 1774 1873 la·

168 1915 215 1971 ab.
231 1911 403 1982 llagrrnllcdis
414 1910 480 1982 idi,
493 1907 674 1981 bannontuts]
689 1908 775 1978 puelia
790 1923 849 1962 cnm
866 1908 925 1962 tali·
978 1918 1103 1963 tarentin
1118 1909 1151 1961 dc
1166 1908 1286 1972 tinculo,
1298 1916 1326 1962 et
1338 1917 1440 1976 partem
1458 1911 1545 1979 cu'ptc
1557 1908 1665 1965 cederet
1681 1910 1772 1980 pieta·

128 2008 184 2062 ltus
197 2007 308 2072 decepta
322 2003 478 2057 illuderetur
493 2001 616 2065 insidiis,
631 2012 659 2055 ot
671 2001 776 2071 quoties
791 2001 823 2054 ari
839 2005 927 2056 uecte—
978 2001 1012 2056 tis
1027 2001 1134 2056 intuitu.
1149 2000 1226 2068 Quod
1236 2002 1282 2056 iile
1297 2002 1384 2057 lacere
1398 2000 1502 2056 disicit
1516 2002 1649 2058 obstinato
1661 2004 1773 2075 spiritu.

127 2103 202 2157 siam
216 2099 342 2155 rotntsset
354 2096 494 2160 accedere,
507 2108 629 2165 gressum
641 2093 730 2148 lacere
745 2107 797 2146 non
810 2092 925 2158 valeret,
979 2091 1057 2147 llnde
1080 2101 1223 2161 antequam
1238 2092 1440 2162 perpranderet,
1457 2092 1532 2149 sede
1558 2109 1648 2149 mensa
1660 2107 1775 2153 satietur

134 2208 214 2249 sert-o
227 2191 274 2247 liei
287 2191 313 2245 in
325 2188 385 2243 tilia
400 2188 499 2240 Satara
513 2194 525 2222 ¹
538 2193 697 2254 praesentata
711 2191 762 2239 ιιι.
778 2180 926 2238 Confestim
978 2182 1121 2255 proripuit,
1139 2194 1166 2237 ct
1181 2182 1284 2238 carceri
1300 2184 1473 2238 subterraneo
1487 2185 1653 2255 superjectus
1667 2185 1775 2243 diutius

135 2294 167 2339 nt
178 2280 264 2337 sancti
286 2294 380 2334 irrorans
391 2292 471 2345 supter
482 2285 562 2345 capnt
578 2275 673 2343 puellae
687 2273 827 2329 titubantis
835 2260 927 2341 'impo-
977 2273 1063 2329 orarit
1077 2286 1136 2328 eum
1153 2271 1230 2338 lietu,
1244 2282 1273 2326 ut
1284 2273 1374 2329 divino
1393 2274 1558 2330 conterretur
1571 2276 1682 2344 auritio,
1696 2278 1772 2349 grand

136 2374 227 2439 nitur,
242 2370 287 2425 tati
303 2368 509 2440 investigatione
521 2367 641 2420 occultus
653 2367 750 2433 trospcs
762 2364 817 2438 [tt.
831 2361 927 2434 bostis]
977 2379 991 2419 a
1007 2352 1145 2433 temporali
1169 2363 1259 2436 judice
1279 2380 1332 2418 non
1346 2375 1419 2420 esset
1443 2368 1592 2426 obtentum.
1616 2368 1661 2426 Sic
1674 2384 1775 2425 eunus

136 2461 287 2531 detegitur,
301 2468 368 2515 etse
381 2456 426 2512 diu
442 2456 550 2512 latuisse
562 2455 647 2509 multo
661 2456 761 2522 gerititu
773 2454 926 2518 cantitetur,

138 2567 188 2607 nee
202 2552 227 2605 irt
242 2551 312 2605 boati
327 2548 470 2620 presentia
485 2545 584 2601 elamat
596 2543 705 2614 proprio
717 2560 747 2600 se
764 2558 842 2613 posse
856 2545 927 2599 cela·

137 2656 166 2697 re
190 2640 334 2710 praestigio.
358 2638 427 2709 Ergo
446 2639 482 2692 ita
506 2652 537 2693 se
559 2637 691 2706 proditum
710 2646 736 2692 et
756 2651 925 2706 egressurum

133 2736 213 2804 grati
225 2735 321 2787 ardore
343 2729 527 2800 eorrtpteritur.
555 2729 660 2783 interim
677 2742 730 2782 non
744 2738 868 2783 cessante
882 2743 926 2784 en-

128 2825 247 2878 ·ccrdote
258 2837 337 2877 ιιιιιιιι
350 2826 438 2877 crucis
452 2822 558 2891 signum
570 2819 724 2890 depingere,
746 2819 928 2886 exspectanti-

137 2915 188 2969 bus
201 2912 325 2968 omnibns
347 2912 373 2967 in
399 2927 498 2966 mosea
513 2910 714 2964 similitudinem
737 2923 926 2979 prorumpens,

130 3020 199 3061 ¹-cuttt
213 3005 343 3074 sanguine
357 3006 390 3057 de
404 3004 512 3058 mrbus
526 3002 647 3056 mulieris
661 3000 787 3056 iuimicus
801 3015 926 3073 egressus

978 2456 1022 2512 ille
1033 2458 1211 2528 lacrymarum
1227 2473 1275 2528 per
1289 2472 1351 2513 aera
1365 2461 1450 2529 surgit
1465 2461 1490 2515 iu
1506 2461 1776 2533 rotomagenses

978 2546 1098 2617 pervenit
1123 2548 1157 2602 ad
1185 2556 1286 2602 votum.
1313 2545 1406 2620 tagre
1435 2551 1576 2619 deputatur
1600 2554 1713 2624 angelus
1736 2556 1773 2611 ad

977 2638 1109 2695 ellectum.
1138 2637 1238 2693 Dcirirtc
1249 2639 1288 2692 rir
1300 2639 1460 2695 venerabilis
1471 2656 1545 2710 spem
1560 2646 1719 2712 promittent
1730 2646 1775 2701 in·

979 2731 1068 2786 clusos
1090 2730 1222 2784 bortatur.
1243 2730 1296 2784 Nec
1319 2730 1406 2802 perdit
1428 2746 1518 2787 sermo
1541 2734 1610 2804 quod
1628 2735 1773 2805 loquitur:

978 2818 1058 2875 Fides
1071 2830 1153 2889 gestis
1172 2819 1307 2889 impletur.
1325 2821 1364 2875 Eo
1389 2823 1553 2888 discedente,
1583 2840 1645 2879 mor
1658 2838 1774 2883 caterua·

978 2929 1036 2969 rum
1071 2910 1172 2968 itacaa‘¹
1191 2914 1358 2984 inungamur,
1379 2917 1473 2971 virtutae
1492 2917 1581 2987 janne
1604 2933 1773 2987 reserentur,

980 3002 1038 3057 dies
1058 3019 1084 3058 tn
1099 3018 1233 3060 carcerem
1249 3005 1394 3071 reducitur,
1409 3008 1526 3064 damnati
1551 3009 1585 3066 tle
1611 3012 1730 3068 tenebris
1744 3014 1774 3069 in

140 3108 192 3152 eet.
203 3098 288 3165 Quam
299 3094 405 3150 sanitati
417 3095 575 3158 restitutam,
592 3092 741 3149 monacbali
758 3105 830 3147 resto
844 3060 966 3147 mutn-c
983 3094 1068 3149 iucem
1081 3094 1238 3163 procedunt,
1255 3111 1303 3151 nec
1318 3095 1418 3151 diutius
1443 3113 1520 3168 poena
1534 3100 1618 3157 tenuit
1632 3115 1700 3172 ouras
1713 3110 1775 3157 ter·

133 3197 194 3242 tam
206 3227 215 3254 ,
232 3186 277 3242 bet
297 3187 407 3241 sortitio
421 3183 542 3238 traditam
557 3183 596 3237 bis
608 3183 771 3252 triumpltare
785 3184 866 3247 ierit,
883 3182 930 3236 lto·

137 3287 179 3333 ιιι
191 3277 260 3331 ricto
270 3275 312 3330 rel
327 3273 436 3329 saeculo.

173 3367 219 3423 27.
244 3367 313 3435 Quid
333 3365 398 3421 iliud
421 3363 491 3434 qnod
515 3363 575 3419 eine
598 3376 672 3417 mora
697 3360 800 3418 curarit
815 3363 928 3419 debilem

138 3459 299 3515 rietterarni
314 3458 381 3514 Cam
395 3458 427 3512 ad
443 3456 613 3511 testivitatem
624 3455 709 3511 sancti
723 3455 829 3511 llartini
844 3455 930 3510 Turo-

138 3556 181 3609 nis
194 3552 352 3609 sumsisset
365 3592 372 3617 ,
387 3564 496 3621 egresso
509 3549 543 3604 de
558 3548 721 3603 monasterio
736 3546 814 3603 odert
826 3563 855 3603 se
871 3564 928 3603 tnu-

141 3645 190 3699 lier
205 3643 328 3705 barbaro,
343 3656 422 3695 ntanu
435 3644 525 3695 nervis
535 3647 682 3703 contracta,
696 3641 832 3708 postulans
846 3641 929 3695 medi·

138 3735 239 3789 cinam.
254 3732 338 3800 Quam
360 3731 410 3787 sub
421 3732 510 3785 casula
522 3741 655 3799 receptant
671 3745 721 3785 sno
733 3742 812 3798 struto
826 3732 928 3800 illitam,

140 3824 214 3877 reiut
226 3836 351 3893 sparsum
376 3819 469 3875 larinae
489 3820 631 3876 cottcctorn
656 3831 846 3877 commacerat.
864 3821 931 3877 ilinc

143 3914 288 3969 resudante
299 3914 409 3968 dextera
420 3912 516 3982 digitos
528 3912 612 3967 tendit
622 3920 647 3967 et
659 3914 781 3983 replicat,
797 3925 930 3983 torporem

139 4010 287 4056 veteratum
312 4002 345 4055 ad
360 4001 531 4056 vivacitatem
553 4000 704 4057 resuscitat.
731 4001 930 4073 Etpriusquatn

140 4095 242 4148 reniret
253 4094 285 4148 ad
298 4092 368 4149 beati
379 4091 484 4148 llartini
493 4091 612 4162 januam,
624 4092 714 4163 digitis
725 4094 781 4148 suis
791 4103 930 4150 extensam

141 4184 253 4238 reddidit
271 4183 429 4239 incolumem
450 4184 598 4239 dexteram.
624 4183 708 4251 Quam
735 4200 795 4239 mox
814 4186 931 4240 sentiens

139 4289 199 4330 resse
212 4274 353 4342 directam,
366 4275 506 4330 mulierem
521 4289 579 4331 ase
592 4272 606 4311 l
619 4277 743 4343 repulsas
753 4286 814 4339 cst.
829 4277 932 4345 ittgres-

140 4365 343 4421 snsbasiiieam.

174 4452 220 4509 ιι.
233 4453 333 4508 Deinde
353 4451 506 4522 egrediente
517 4452 550 4507 de
561 4454 686 4523 praedicta
698 4451 816 4519 basilica,
828 4467 889 4508 cnm
900 4472 928 4508 sc

139 4543 173 4599 ati
188 4543 352 4598 intensionem
367 4555 462 4597 sertus
478 4542 524 4598 [tei
539 4541 687 4611 reciperet,
702 4542 780 4597 oilrrt
794 4558 824 4596 se
837 4559 929 4598 ritant-a

140 4637 223 4690 altera
237 4637 322 4704 palma
334 4633 424 4704 digitis
435 4634 526 4702 allisa,
541 4650 600 4705 que
612 4636 685 4704 prius
701 4643 770 4688 tacta
785 4635 819 4690 de
833 4635 927 4701 salira,

140 4725 237 4779 debinc
251 4725 312 4780 oleo
326 4733 475 4795 peruncta,
496 4726 616 4795 pristine
628 4727 735 4781 sanitati
755 4725 790 4780 de
805 4726 930 4797 prasenti

141 4818 303 4874 estreddita.
325 4819 390 4873 Nam
406 4833 500 4873 causas
516 4819 677 4876 trrdruntans
691 4820 742 4877 boc
761 4831 820 4875 crat
838 4833 930 4876 sancto

141 4910 200 4964 viro
211 4925 315 4974 curare,
329 4909 399 4979 qaod
415 4920 533 4978 tangere.

176 5004 223 5057 bii.
238 5003 302 5057 litat
325 5016 391 5057 sane
412 5001 555 5068 mirabile,
579 5001 682 5070 quoties
706 5001 819 5055 lamulus
835 5002 881 5055 bi
896 5001 929 5054 ad

178 5146 190 5171 ·
205 5135 315 5199 Satara,
333 5133 421 5198 Serre,
435 5132 537 5186 tinniant
549 5132 632 5186 leucis
643 5132 710 5186 inira
726 5133 852 5199 Parisios,
870 5150 932 5202 pro·

143 5220 176 5276 pe
190 5206 326 5259 ileudonie
340 5205 492 5285 casstellum,
509 5202 630 5258 ilerden.
644 5203 739 5257 iltctc.

178 5274 389 5412 tttttrtt.

179 5415 191 5453 ι
208 5417 283 5470 linear
293 5388 339 5469 eeu
352 5416 439 5469 tarra
455 5414 530 5475 inuri,
545 5411 720 5491 rcljuniperi,
733 5408 851 5490 irnctut;
868 5411 929 5465 item

177 5500 271 5549 ronnas,
287 5496 314 5540 et
327 5494 492 5539 mortuoram
504 5487 627 5551 capulum
638 5484 780 5551 signitieat,
796 5482 839 5535 inc
855 5483 929 5535 inso-

154 5572 191 5609 tto
203 5554 309 5620 orridetn
321 5567 474 5609 catenarum
486 5556 608 5608 annitius.
623 5553 698 5608 intra.

178 5626 290 5680 sturton
312 5626 349 5679 Gr
385 5625 479 5679 .'lttr.
503 5627 583 5678 etiarn
611 5620 797 5677 itecaeeodem
821 5620 930 5677 aditiltet

145 5696 171 5752 in
186 5709 276 5755 ιιιιιι,
292 5640 412 5764 oboedir
433 5693 593 5749 Fortunatus
606 5693 728 5749 camdem
745 5706 837 5746 roceto
851 5707 923 5747 usur·

980 3197 1085 3259 queret.
1104 3187 1151 3244 Sic
1175 3190 1272 3260 erepti,
1300 3186 1418 3245 Parisios
1432 3203 1577 3246 occurrunt
1591 3193 1708 3262 pontibei
1724 3195 1775 3266 qni

981 3278 1197 3351 periclitabantur
1217 3279 1323 3334 inclusi.
1339 3279 1393 3336 Sed
1418 3291 1445 3335 ut
1470 3280 1647 3351 culpabilibus
1670 3283 1775 3355 aliquid

980 3369 1040 3439 plus
1058 3370 1202 3435 conterret,
1216 3385 1305 3442 arege
1314 3370 1442 3442 quidquid
1454 3373 1519 3429 ilseo
1531 3388 1578 3444 pro
1594 3374 1636 3429 bis
1649 3375 1774 3431 debeba-

982 3470 1026 3515 tur
1040 3459 1166 3516 obtinuit.

1016 3548 1061 3604 st.
1078 3548 1180 3606 licitiae
1192 3551 1225 3604 ad
1240 3561 1361 3633 sanctum
1376 3553 1460 3608 sirum
1477 3552 1597 3609 Nicasius
1614 3569 1674 3609 curn
1689 3556 1775 3613 vellet

981 3653 1135 3703 rrerttrrere,
1152 3651 1178 3695 et
1192 3639 1248 3709 jam
1264 3652 1439 3709 praesentatus
1457 3658 1516 3697 raon
1532 3645 1691 3713 gravissimo
1704 3661 1774 3703 earu

982 3736 1007 3787 in
1024 3742 1094 3787 terra
1111 3744 1261 3800 prostratos
1275 3743 1317 3788 ιιι
1331 3742 1359 3788 ιι
1375 3749 1442 3801 pene
1457 3736 1581 3791 omnibus
1596 3736 1690 3791 salutis
1716 3738 1775 3794 de·

981 3826 1074 3879 stituto
1085 3823 1197 3891 solatiis,
1214 3825 1274 3893 ipso
1285 3835 1377 3878 sancto
1394 3806 1586 3887 iinercedente,
1609 3827 1708 3881 bomini
1720 3829 1773 3884 de·

981 3922 1088 3982 sperato
1103 3912 1188 3968 virtus
1202 3924 1229 3967 et
1241 3927 1336 3968 sensns
1353 3928 1491 3984 regressus
1503 3926 1555 3971 cst.
1568 3918 1627 3971 lint
1643 3920 1775 3985 balteum,

981 4020 1035 4072 ιιιιι
1049 4003 1204 4074 cingebatur
1223 4013 1250 4058 ιι
1272 4011 1375 4073 spatam
1404 4019 1452 4073 pro
1480 4021 1593 4062 muniere
1608 4008 1686 4063 beato
1701 4005 1776 4064 Ger·

982 4111 1061 4151 mano
1074 4097 1248 4162 contradidit,
1272 4099 1343 4165 cuod
1358 4100 1414 4166 ipse
1428 4114 1519 4155 comes
1534 4101 1597 4156 dato
1609 4104 1695 4171 pretio
1709 4115 1776 4174 post

983 4188 1105 4243 redemit.
1126 4188 1154 4243 ld
1174 4200 1262 4243 actum
1284 4199 1336 4255 est,
1356 4200 1383 4243 ut
1405 4191 1476 4260 quod
1501 4192 1574 4260 prius
1596 4193 1780 4253 incarceratis.

982 4280 1132 4335 cnrrcedere
1143 4281 1256 4345 distulit,
1273 4279 1316 4335 irie
1330 4280 1465 4352 duplicato
1480 4284 1570 4340 lenore
1580 4285 1685 4342 debitor
1697 4302 1777 4344 eorn-

984 4383 1116 4442 pensnret,
1132 4382 1159 4428 et
1182 4383 1260 4428 aucta
1283 4374 1346 4428 dote
1370 4376 1465 4430 damna
1479 4375 1601 4443 sarciret,
1625 4379 1698 4447 prins
1722 4396 1776 4452 pru

982 4477 1021 4518 ets
1032 4463 1166 4527 diuersos,
1188 4472 1289 4532 postet
1314 4480 1345 4520 ιι
1360 4466 1446 4533 ipsunt
1476 4466 1621 4523 redimens.
1636 4471 1706 4527 tlnte
1719 4487 1776 4529 nott

981 4555 1033 4609 iilis
1049 4558 1115 4620 prins,
1138 4556 1257 4612 modoet
1272 4558 1305 4612 de
1320 4573 1350 4613 se
1365 4559 1494 4627 trepidus,
1515 4560 1608 4616 didicit
1623 4577 1688 4618 casu
1705 4580 1772 4635 pre·

982 4645 1039 4716 prio
1054 4646 1180 4699 arrtttnnis
1203 4659 1362 4702 succurrere
1375 4648 1480 4703 alienis.

1016 4735 1060 4791 bl.
1083 4734 1196 4792 Proreus
1217 4736 1281 4792 iilud
1308 4739 1425 4808 stuporis
1448 4749 1584 4796 retexatur
1608 4741 1635 4795 in
1664 4743 1775 4812 pagina.

984 4824 1174 4881 iinntesancto
1197 4826 1256 4880 viro
1280 4828 1314 4881 ad
1341 4829 1410 4883 beati
1435 4832 1560 4900 rnartyris
1583 4830 1776 4902 Sympltoriani

979 4932 1129 4981 occursum,
1146 4917 1208 4971 dum
1222 4917 1256 4973 de
1267 4920 1326 4974 rico
1339 4923 1351 4950 ⁰
1362 4920 1516 4977 Cerrralone
1528 4922 1554 4976 in
1567 4922 1688 4978 llnrrino
1705 4940 1773 4994 pre·

981 5006 1112 5077 greditur,
1130 5010 1294 5065 habitatores
1308 5010 1358 5065 loci
1374 5023 1546 5070 occurrentes
1568 5026 1725 5085 suggerunt,
1746 5028 1777 5076 ιιι

982 5148 1035 5206 pat,
1059 5139 1195 5193 ltisrerbis
1215 5140 1261 5193 lib.
1276 5141 1327 5195 ιιιι
1342 5142 1397 5196 llir.
1411 5156 1494 5196 sarton
1517 5144 1630 5204 ilartini.
1641 5159 1674 5199 ιι
1695 5186 1701 5200 .
1721 5146 1775 5203 2³:

983 5210 1076 5262 limitet
1094 5211 1176 5263 berre
1188 5221 1334 5263 commorunt
1345 5216 1482 5281 confractor
1501 5217 1652 5269 reciderent.
1676 5161 1778 5275 ῗιιιιι

982 5280 1069 5346 irenae
1080 5281 1174 5333 codem
1188 5281 1214 5333 in
1225 5294 1304 5334 ιιιιιιι
1317 5295 1487 5351 rnrrrpantnr,
1498 5300 1529 5340 ac
1540 5287 1609 5359 boja,
1623 5288 1679 5341 sire
1690 5287 1775 5360 ispe:

983 5361 1051 5418 quae
1063 5363 1142 5402 rores
1152 5351 1287 5418 ridenpud
1304 5352 1389 5419 linis,
1402 5354 1523 5409 inlitora.

1019 5427 1031 5452 t
1046 5418 1175 5487 berredo,
1190 5418 1298 5485 Ceroon,
1313 5423 1387 5477 ricus
1403 5439 1485 5492 prope
1496 5424 1696 5491 Cntbiniaenm,
1712 5432 1777 5484 rui·

981 5504 1014 5560 gn
1031 5487 1240 5543 Sirini-Leonem
1258 5494 1289 5543 dr
1302 5490 1439 5564 Corique,
1456 5496 1579 5550 intractu
1597 5497 1764 5555 lierrinertsi

981 5557 1153 5684 lautianm,
1164 5562 1207 5630 qui
1223 5570 1323 5617 tractus
1338 5563 1513 5635 burgundiam
1534 5581 1550 5620 a
1568 5564 1692 5623 Nireru'rs
1706 5570 1777 5629 dir.-
