3810 6128
129 332 163 387 Π
853 316 1048 374 cunetatio.
1728 306 1762 361 l8

127 437 227 495 sacred
241 436 509 517 instimulatione
531 438 593 502 imp.
608 444 630 487 et
649 434 681 487 od
695 432 819 502 Sophiam
832 432 987 501 ,lnqrrstom
1003 428 1071 493 Quia
1086 437 1113 480 et
1128 425 1246 490 Vossius,
1264 424 1296 479 rlc
1313 423 1379 478 llist.
1398 424 1468 483 leat..
1482 421 1529 475 lilt.
1543 435 1572 485 rt,
1588 427 1615 474 et
1628 418 1653 474 l'.
1669 417 1760 473 hiber.

131 526 248 589 itioris..
264 527 290 579 in
303 527 371 582 lttot.
387 527 443 580 hat.
458 524 553 580 mediae
567 534 594 577 et
609 524 706 577 inllinac
722 521 819 581 aetatis,
841 520 910 574 idem
936 532 1043 573 cannen
1059 519 1142 571 citant
1165 516 1215 570 suh
1230 515 1323 570 codem
1349 514 1434 578 titulo,
1451 522 1479 565 ut
1492 510 1623 578 suspirari
1640 509 1718 565 liceat
1734 506 1761 563 iu
1778 570 1787 589 .-

129 613 289 682 qnibnsdam
303 614 366 669 llss.
382 615 444 668 illud
461 615 600 667 inuentum
616 609 708 673 luiso,
722 609 920 678 llodoeperirorr
938 608 1104 676 inscriptum.
1131 608 1171 660 hu
1188 604 1335 673 sortequod
1360 604 1424 658 illud
1448 613 1573 673 tanquam
1596 601 1647 654 rim
1672 612 1763 654 coines

131 702 224 755 datam
239 701 271 755 iis
286 711 370 767 esset,
385 716 453 771 quos
466 700 636 769 lladrgundis
650 701 722 754 misit
734 698 1005 767 Constantinopolim,
1028 696 1126 767 gratias
1138 695 1242 750 lustino
1255 707 1280 750 ct
1296 695 1381 764 Sopb.
1407 695 1492 763 hugg.
1509 703 1616 747 acturos
1631 705 1678 759 pro
1692 690 1764 759 ligno

131 798 232 843 unctae
245 792 344 854 crocis,
359 791 446 846 eidem
462 789 616 860 Radegundi
636 790 716 844 drinio
730 788 822 855 misso,
839 797 865 843 ct
879 787 1031 844 deierantes
1052 786 1230 854 munuscula,
1257 787 1294 840 uti
1310 788 1392 842 rclert
1407 785 1568 840 baudonivia
1583 784 1609 838 io
1626 780 1686 837 llita
1698 794 1765 834 sorr·
1783 857 1786 865 Ι

132 888 185 931 circ
199 875 381 946 liadcgnndis,
395 893 469 932 nom.
484 878 541 932 sut
1784 868 1792 883 ⁴

171 988 241 1041 idem
254 987 390 1054 Gira¹dus,
405 991 431 1045 in
444 989 544 1045 llistor.
560 991 594 1047 de
609 990 707 1057 Poetis,
725 990 787 1044 dial.
812 991 839 1052 5.
852 992 967 1061 itemque
980 989 1094 1054 Plotina,
1111 990 1136 1044 in
1150 988 1196 1045 lib.
1221 989 1254 1045 de
1271 988 1337 1043 vitis
1354 988 1523 1051 Pontillcum,
1546 984 1574 1040 iu
1600 984 1660 1040 lita
1684 984 1766 1040 ioan.

134 1076 179 1138 lll,
194 1076 357 1130 montionem
374 1079 473 1132 lacinnt
488 1079 547 1134 iibri
563 1081 595 1136 de
611 1081 698 1152 lieqno
713 1080 886 1151 gniooendo,
901 1093 978 1149 quem
995 1083 1068 1133 aiunt
1082 1078 1239 1134 venantium
1264 1081 1403 1147 scripsisse
1423 1078 1457 1132 ad
1477 1076 1640 1145 sigibertum
1663 1088 1763 1142 regem.

136 1164 177 1217 liu
194 1163 304 1219 l‘latiuae
317 1167 395 1223 rerba
410 1185 416 1220 :
434 1165 592 1224 doetrinae
611 1171 649 1223 eir
663 1170 801 1240 rirrqnlcrir
815 1170 964 1225 litteratorie
982 1178 1005 1224 et
1018 1169 1169 1239 eloquentie
1189 1170 1277 1225 Gallos
1290 1171 1325 1224 od
1337 1171 1461 1224 mitiorem
1483 1167 1580 1224 celtum
1590 1168 1686 1237 redegit
1699 1167 1766 1220 erri-

136 1252 188 1318 ptis
201 1259 226 1305 et
239 1255 363 1322 eaernplo.
389 1257 429 1310 td
444 1257 602 1330 Siqiiertunr
626 1260 703 1323 cuim,
727 1274 816 1313 eorum
838 1275 933 1329 raom,
954 1258 1070 1313 libellam
1083 1262 1115 1314 de
1130 1261 1293 1328 pubmnorrdo
1314 1261 1402 1331 Reqno
1414 1259 1569 1330 perscripsit.
1586 1259 1626 1313 hu
1642 1258 1711 1314 lorle
1723 1255 1766 1310 hic

137 1340 206 1394 tiber
220 1349 262 1396 est
275 1356 383 1399 carmen
396 1343 413 1397 2
429 1345 475 1400 lib.
492 1359 528 1410 rr,
544 1346 570 1401 in
584 1362 637 1417 quo
654 1348 830 1413 Fortunatus,
846 1348 972 1418 sigiberti
985 1349 1096 1405 virtutes
1111 1349 1234 1416 laudans,
1257 1352 1374 1407 ostendit
1387 1351 1471 1420 qnalis
1491 1353 1514 1406 is
1536 1364 1595 1406 esse
1610 1350 1705 1405 debeat
1718 1346 1765 1418 qui

138 1445 200 1484 rum
212 1432 326 1500 irnperio
336 1435 440 1489 ceteris
454 1437 600 1504 praesideri
613 1437 689 1505 Quod
701 1437 801 1495 elalius
816 1436 862 1493 ille
874 1437 981 1494 libellus
994 1449 1045 1506 est,
1068 1446 1097 1493 ut
1110 1438 1278 1496 verisimilius
1293 1440 1406 1508 ridetur,
1423 1447 1470 1495 aut
1482 1438 1565 1494 latere
1575 1436 1664 1492 adhuc
1675 1434 1766 1492 dicen·

137 1515 190 1572 dus
203 1528 255 1585 est,
268 1531 313 1575 aot
328 1522 439 1591 periisse
453 1533 594 1582 vetustate.

176 1629 236 1686 lam
252 1647 317 1689 rero
330 1634 415 1689 sancti
429 1634 551 1693 Severini
567 1637 667 1706 Vitam,
681 1638 799 1709 episcopi
819 1638 1021 1711 burdegalensis
1033 1640 1078 1711 (de
1090 1655 1143 1710 qno
1157 1641 1268 1709 Gregor.
1284 1641 1396 1705 ritmo,
1413 1639 1459 1694 lib.
1474 1639 1508 1696 dc
1521 1639 1609 1694 Gloria
1625 1638 1766 1701 cirrose..

142 1735 203 1791 cap.
229 1722 277 1794 ts)
302 1739 318 1779 ιι
334 1724 480 1783 Fortunato
495 1732 620 1798 scriptam
637 1730 727 1796 luisse,
741 1731 816 1786 testis
830 1740 873 1786 est
886 1730 958 1786 idem
971 1729 1116 1802 Gregorius
1131 1732 1173 1786 his
1189 1731 1297 1786 remis:
1316 1729 1400 1784 Vitam
1415 1733 1491 1799 laniae
1508 1730 1604 1801 (sancti
1619 1728 1764 1798 Severini),

142 1823 230 1884 perrea
254 1835 332 1890 quom
360 1821 414 1875 hoec
439 1823 598 1893 scripsimus,
627 1840 643 1876 rr
667 1821 813 1878 Fortunato
828 1823 975 1894 presbytero
986 1825 1109 1893 scriptam
1120 1825 1295 1896 eoqnom'mrrr.
1314 1824 1386 1879 lianc
1397 1835 1485 1879 autem
1501 1824 1587 1879 Vitam
1601 1822 1766 1892 deperditam

142 1921 206 1965 csse
222 1910 364 1967 lironerus
379 1927 439 1982 cap.
469 1912 485 1967 5
511 1914 577 1969 Vite
593 1915 741 1983 Fortunati,
755 1923 782 1971 et
796 1912 840 1971 alii
856 1915 1001 1984 alhrmam,
1018 1930 1068 1972 nec
1079 1928 1129 1986 ego
1150 1924 1283 1986 repertam
1305 1931 1319 1971 a
1334 1917 1458 1987 quopiam
1473 1925 1519 1972 ant
1533 1915 1632 1972 erlitam
1647 1913 1768 1970 invenire

144 2004 228 2071 potui.

179 2113 272 2182 licque
295 2130 358 2171 rero
383 2117 501 2173 dubitem
526 2119 701 2174 Fortunatam
715 2121 790 2188 plura
806 2121 947 2190 scripsisse
962 2122 1025 2189 alia,
1036 2125 1093 2178 siro
1105 2124 1227 2192 metrica,
1244 2127 1299 2183 sire
1310 2127 1393 2183 solnta
1408 2125 1540 2189 oratione,
1555 2138 1614 2192 quae
1629 2129 1676 2178 aut
1691 2120 1768 2190 plane

145 2204 300 2260 interierint
309 2215 452 2272 vetustate,
465 2218 510 2263 aut
520 2207 632 2266 luctasse
647 2211 749 2280 uspiam
764 2212 958 2282 delitescentia,
971 2228 1002 2269 ac
1017 2214 1143 2279 tenebris,
1159 2218 1266 2288 situque
1281 2218 1377 2281 obsita,
1393 2216 1502 2272 alterius
1517 2215 1653 2287 diligentia
1668 2224 1770 2270 etcnra

148 2294 278 2360 inlucem
289 2297 435 2367 aliquando
450 2297 629 2370 proferentur,
650 2301 731 2370 idque
751 2315 785 2357 ex
801 2300 918 2358 hominis
933 2303 1039 2374 ingenio
1060 2314 1087 2358 et
1100 2304 1221 2360 lacundia
1236 2305 1361 2375 conjicio.
1378 2308 1463 2376 htqne
1488 2306 1587 2360 utinam
1602 2300 1772 2360 clarissimus

147 2397 176 2443 ct
190 2389 387 2447 eruditissimus
401 2397 442 2448 rir
457 2392 598 2462 Philippus
613 2393 754 2460 Labbaeus,
779 2393 938 2450 esocictate
949 2394 1024 2466 lesu,
1045 2394 1195 2452 bilitionem
1211 2397 1284 2451 illam
1299 2413 1374 2452 suam
1389 2400 1505 2467 lipermn
1522 2397 1673 2464 Fortunati,
1690 2411 1770 2467 quarn

147 2481 283 2552 pollicitus
307 2481 406 2551 luerat,
429 2486 589 2543 coniecisset
606 2497 651 2543 ant
666 2487 842 2557 prodidissctl
861 2487 970 2545 minime
983 2489 1093 2545 dubium
1106 2499 1147 2544 cst
1160 2491 1223 2560 qnin
1237 2493 1342 2545 caeteris
1356 2492 1479 2546 omnibns
1490 2492 1595 2546 auctior
1610 2499 1637 2545 et
1651 2490 1772 2546 ornatior

150 2571 253 2629 luisset.
266 2571 300 2628 Ut
314 2573 385 2628 enirn
397 2574 419 2630 is
431 2584 543 2632 testatur
558 2576 585 2632 in
600 2580 707 2634 dissert.
719 2581 753 2636 de
768 2578 867 2649 Script.
881 2580 997 2646 Eccles,
1009 2589 1029 2636 ι.
1045 2578 1080 2651 ll,
1094 2589 1185 2651 postca
1202 2596 1280 2650 quarn
1295 2581 1477 2651 christophori
1491 2583 1607 2637 broweri
1623 2580 1774 2637 Editioncur

151 2673 409 2721 commemorasset:
426 2663 482 2720 Noe
507 2668 596 2721 eodem
623 2669 708 2723 omnio
735 2670 868 2739 Opurcrtlo
891 2667 1031 2726 Fortunati
1040 2714 1047 2739 ,
1072 2673 1181 2742 inperitis
1195 2673 1267 2736 loris,
1284 2673 1375 2743 pertint
1391 2689 1421 2726 ea
1435 2675 1613 2740 optirrrrenotoe
1624 2673 1775 2738 traicitur,

150 2754 242 2822 partim
267 2772 301 2810 ee
320 2760 395 2813 certis
419 2763 572 2826 coniectoris
592 2766 734 2827 emendato,
750 2774 827 2833 otque
847 2763 921 2818 editis
935 2764 1062 2830 ouetiorn,
1077 2763 1147 2834 prelo
1155 2763 1322 2831 jamdudum,
1335 2778 1391 2815 curn
1402 2779 1430 2816 re
1444 2762 1542 2816 dederit
1557 2764 1666 2828 occario,
1683 2772 1776 2834 parato

150 2847 280 2903 icimur.
306 2850 387 2921 Cujus
415 2855 532 2924 incoepto
560 2856 622 2923 qnid
647 2856 793 2924 obstiterit,
816 2856 885 2911 haud
910 2857 988 2912 lacile
1013 2866 1054 2911 cst
1072 2856 1205 2922 dirinare3
1223 2870 1272 2911 nec
1288 2871 1351 2911 rero
1364 2855 1440 2925 cnjus
1454 2857 1478 2909 in
1491 2870 1595 2921 uranus,
1612 2855 1707 2911 eodem
1722 2856 1776 2913 rita

151 2937 254 3009 iuncto,
284 2947 458 3010 pervenerint
481 2961 511 3003 ea
540 2963 598 3015 qum
623 2948 680 3018 ipse
700 2950 775 3018 prelo
788 2964 817 3004 rc
833 2959 924 3020 parata
944 2951 998 3021 jam
1016 2949 1303 3018 babuisscproluctor,
1319 2948 1439 3018 quamvis
1454 2962 1561 3004 omnem
1575 2948 1777 3005 adhibuerimus

151 3028 330 3102 diligentiam,
358 3037 465 3104 assequi
487 3039 631 3107 potuimus.
660 3038 687 3093 ln
702 3055 761 3095 caru
772 3056 847 3112 spern
862 3056 1020 3097 terreremus
1032 3056 1085 3112 quo
1098 3041 1143 3096 ille
1154 3042 1180 3095 in
1192 3043 1250 3095 loco
1263 3041 1416 3096 decesserat
1427 3041 1518 3097 eadem
1533 3041 1648 3097 lortassc
1664 3044 1776 3111 reperiri

153 3137 242 3191 posse.
268 3125 293 3181 ls
308 3142 372 3182 vero
385 3127 496 3185 Parisiis
509 3130 574 3184 obiit
589 3146 633 3187 an.
655 3131 735 3188 lodi.
750 3132 814 3197 Sed,
827 3148 889 3187 cum
913 3133 1009 3187 litteris
1023 3132 1092 3186 datis
1105 3129 1344 3202 inquisivissemus,
1357 3132 1426 3186 etad
1437 3147 1495 3186 cam
1512 3147 1570 3186 rcm
1582 3147 1662 3201 opera
1678 3133 1772 3189 halsac-

156 3230 214 3270 rrus
241 3217 281 3271 usi
309 3218 452 3275 admodum
478 3220 510 3275 ll.
525 3220 554 3275 Ρ.
568 3221 599 3277 b.
617 3222 736 3289 Patertii,
753 3221 908 3278 monasterii
921 3221 1006 3276 sancti
1020 3220 1146 3276 Germani
1162 3236 1175 3273 a
1193 3220 1278 3274 Pratis
1290 3219 1497 3285 bibliothecarii,
1513 3221 1535 3274 is
1552 3221 1688 3286 respondit
1704 3222 1778 3277 hisce

157 3307 244 3362 verbis
260 3325 266 3361 :
285 3307 372 3375 Quom
386 3310 402 3362 d
414 3309 591 3380 inprobante,
609 3330 658 3383 que
668 3314 698 3383 fit
708 3312 728 3367 tt
742 3330 784 3386 qo
793 3315 851 3381 plor
864 3315 925 3369 d'attr
940 3314 1016 3369 ridete
1027 3314 1050 3368 le
1067 3312 1099 3367 Ρ.
1116 3312 1208 3380 Labie,
1225 3315 1256 3367 dc
1266 3314 1363 3368 donarer
1378 3330 1426 3368 une
1440 3311 1545 3368 Edition
1555 3314 1587 3367 de
1600 3313 1737 3383 Fortunat,
1749 3319 1779 3388 je

155 3414 187 3454 rae
205 3401 312 3456 conaris
336 3417 421 3456 aaran
444 3406 536 3475 ocstiqe
549 3408 580 3460 de
591 3422 637 3460 ron
652 3406 754 3460 trenoil.
770 3403 829 3476 J'oq
845 3406 884 3460 etd
899 3406 1011 3477 pendant
1025 3407 1092 3459 detto
1106 3420 1152 3458 ens
1175 3404 1198 3459 le
1213 3402 1372 3471 depositoire
1386 3405 1430 3459 dra
1444 3405 1596 3458 manuscrits
1610 3407 1655 3460 des
1679 3405 1696 3459 3
1711 3407 1780 3461 dloi·

155 3509 216 3548 soor
228 3494 274 3547 der
291 3494 404 3550 destiter
417 3499 449 3550 dc
466 3495 540 3552 Poris
551 3498 603 3552 lore
618 3499 649 3552 de
665 3500 721 3554 leur
736 3501 893 3555 destruction
907 3509 930 3553 et
944 3498 976 3553 de
990 3498 1015 3552 lo
1029 3508 1100 3552 certe
1115 3499 1145 3551 de
1159 3498 1227 3551 leurs
1243 3495 1311 3551 hiens
1326 3506 1349 3550 et
1362 3496 1434 3564 effers
1456 3498 1595 3561 molitiem,
1612 3515 1643 3552 en
1657 3498 1736 3565 tria,
1757 3507 1781 3553 et

156 3588 181 3656 je
199 3584 241 3652 n'g
254 3600 287 3653 op
302 3586 357 3640 rien
375 3588 465 3728 troas}
476 3588 585 3642 d'onraor
601 3590 646 3644 des
659 3597 767 3644 traseae
779 3589 917 3644 titteroiree
931 3588 965 3643 drt
982 3587 1017 3643 P.
1037 3586 1129 3644 holle.
1144 3587 1178 3642 ld
1199 3605 1229 3643 ae
1245 3589 1311 3654 reaia
1326 3604 1358 3643 ou
1373 3597 1430 3643 tort
1441 3588 1478 3643 les
1489 3593 1591 3661 popicre
1604 3600 1698 3647 ourerrt
1706 3591 1783 3656 ports

157 3688 231 3737 oprer
244 3688 275 3727 te
288 3683 353 3728 mort
368 3692 399 3729 en
415 3676 446 3731 tlt
467 3676 494 3729 i.

193 3794 283 3861 hique
307 3792 365 3848 haec
387 3793 420 3847 de
435 3793 544 3863 scriptis
571 3793 709 3849 Fortunati
732 3808 793 3865 qua
807 3794 904 3849 amisse
918 3793 979 3863 Jurc
991 3791 1141 3864 meritoque
1156 3792 1374 3863 conquerendum
1388 3803 1439 3847 est.
1453 3792 1528 3861 erod
1541 3807 1604 3849 tero
1613 3791 1647 3848 ad
1658 3791 1778 3862 ejusrlem

160 3884 322 3948 doctrinam,
347 3894 374 3939 et
395 3885 539 3955 ingenium,
565 3898 591 3942 et
605 3888 632 3941 in
647 3885 790 3943 scribendo
803 3886 969 3953 lacultatem,
986 3886 1091 3953 attinet,
1107 3898 1160 3939 non
1175 3885 1284 3941 omnino
1299 3884 1402 3940 ridetur
1420 3885 1471 3939 hoc
1485 3884 1544 3939 loco
1558 3884 1783 3955 pratereundum,

165 3978 229 4032 licet
241 3976 306 4031 alias
328 3986 450 4032 occurret
464 3977 576 4032 mentio.
592 3977 659 4032 lium
676 3978 765 4045 itaque
779 3976 936 4045 theologicis
945 3976 972 4031 in
988 3976 1068 4031 rebus
1079 3983 1140 4043 apte
1154 3975 1275 4029 eruditus
1288 3985 1316 4029 et
1329 3974 1424 4028 doctus
1439 3974 1542 4028 ridotnr
1557 3976 1637 4045 (qnod
1653 3976 1783 4041 inprimis

164 4066 303 4136 depositio
313 4067 434 4138 eiusdem
447 4067 474 4122 in
486 4067 640 4124 Orationem
656 4067 823 4122 Domiuicam
838 4065 978 4134 declarat),
992 4074 1047 4118 tum
1060 4062 1212 4117 Graecmnrn
1229 4069 1256 4116 et
1266 4059 1420 4115 Latinorum
1436 4074 1584 4127 poetarum,
1601 4061 1659 4116 sire
1673 4061 1786 4119 alioruin

162 4158 337 4226 scriptorum,
366 4159 392 4212 in
418 4159 533 4214 lectione
556 4159 678 4228 apprime
691 4166 814 4211 versatus
827 4156 909 4210 luisse
921 4154 1082 4216 ostenditur,
1098 4151 1143 4221 qui
1160 4150 1315 4212 llomerum,
1328 4149 1514 4215 blenandrum,
1528 4149 1651 4213 hratnm,
1665 4149 1785 4219 Sappho,

164 4249 330 4319 i‘pndarnm,
344 4251 462 4319 itemque
474 4248 614 4316 Catonem,
632 4248 821 4320 Pythagoram,
836 4244 1024 4317 Chrysippum,
1037 4244 1187 4306 Platonem,
1201 4239 1378 4307 Cleanthem3
1393 4256 1427 4296 ex
1442 4241 1544 4297 Latinis
1558 4257 1623 4296 rero
1634 4242 1795 4314 Virgilium..

169 4344 319 4410 lloratinm,
332 4343 466 4409 Ovidium,
483 4342 610 4407 Tullium,
626 4343 690 4398 citet
700 4339 867 4406 nominatim,
880 4345 907 4392 et
916 4337 1078 4391 celebriores
1092 4334 1161 4390 inter
1176 4333 1285 4389 Latinos
1301 4332 1462 4402 Graecosque
1475 4333 1567 4389 Patres
1581 4342 1788 4400 commemoret,

165 4452 280 4507 qurirum
295 4434 415 4488 onrrrinm
430 4434 575 4490 identidem
588 4435 706 4502 leporem
723 4445 753 4486 ac
764 4430 915 4486 doctrinam
930 4424 1111 4482 inscribendo
1125 4427 1515 4490 secutnsesseetexpressisse
1528 4421 1630 4490 aliquid
1645 4422 1790 4491 deprehen·

165 4532 249 4586 ditur.
263 4530 331 4585 thud
346 4537 435 4582 autern
450 4527 560 4581 odeardis
575 4524 731 4589 nonnullos,
745 4521 815 4588 qnod
827 4520 958 4575 laieorum
974 4519 1125 4581 numinum,
1141 4529 1200 4585 quae
1216 4512 1430 4581 ceraqnondam
1444 4512 1588 4582 antiquitas
1599 4512 1787 4592 venerabatur,

166 4620 277 4678 uomina
286 4634 339 4675 noo
354 4617 483 4675 dubitarit
497 4614 639 4685 aliqnando
654 4627 792 4682 usurpare.
808 4613 847 4667 hc
859 4611 914 4680 jam
929 4613 999 4666 inter
1012 4617 1112 4665 caetera
1126 4606 1247 4677 eiusdem
1260 4606 1378 4661 carmina
1394 4605 1499 4673 insigne
1512 4604 1592 4660 estid
1607 4606 1715 4674 generis
1726 4605 1793 4661 illud

166 4711 240 4785 qnod
267 4719 355 4766 eistat
383 4707 431 4762 lib.
458 4722 493 4773 rt,
517 4720 576 4774 cap.
605 4704 634 4771 Ξ,
649 4704 740 4773 inquo
754 4704 837 4769 idem,
851 4716 952 4758 canens
965 4699 1165 4772 epithalamium
1178 4694 1302 4767 Sigibcrti
1317 4697 1463 4751 hustrasie
1474 4698 1555 4767 regis,
1570 4704 1597 4752 et
1613 4696 1794 4753 Brunicltildis

168 4806 281 4879 nuptiis,
296 4801 453 4873 Cupidinem
467 4815 499 4856 ac
510 4800 653 4865 Venerem,
668 4798 772 4868 poetico
784 4812 878 4865 more,
895 4796 1012 4861 inducit,
1026 4794 1147 4865 proprias
1163 4791 1300 4858 utriusque
1316 4789 1408 4843 laudes
1421 4789 1598 4844 celebrantes.
1612 4789 1708 4846 Veram
1720 4801 1747 4846 et
1761 4807 1795 4847 eo

169 4912 294 4968 tempore
314 4896 452 4952 scribebat
474 4895 637 4949 Fortunatus
658 4907 712 4958 quo
732 4890 820 4946 minus
839 4899 896 4945 erat
911 4889 1021 4960 periculi
1034 4902 1068 4942 ne
1083 4882 1206 4940 homines
1216 4883 1327 4938 deorum
1342 4883 1473 4953 eiusmodi
1489 4897 1582 4939 errore
1595 4883 1795 4952 deciperemur,

172 4993 274 5062 ubique
289 4985 435 5043 Gall-arum
455 4980 606 5038 Glarirtiana
621 4981 761 5051 religione,
775 4980 903 5048 piissimis
921 4979 1069 5049 principum
1083 4976 1154 5032 curis
1168 4989 1200 5030 ac
1214 4973 1362 5043 diligentia,
1377 4975 1565 5045 clarorumque
1578 4975 1733 5044 pontihcum
1749 4975 1797 5033 do·

172 5084 260 5139 ctrina
268 5090 296 5136 et
304 5077 459 5141 rirtutihrrs,
468 5073 595 5138 horente;
607 5071 750 5128 etminime
761 5071 856 5125 mirum
864 5082 925 5126 esse
936 5068 1016 5125 debet
1028 5067 1202 5122 Fortunatam
1211 5064 1345 5130 eumdem,
1355 5065 1442 5120 adhuc
1454 5065 1591 5134 juvenem,
1603 5078 1633 5119 ea
1644 5067 1795 5134 praesertim

171 5181 199 5234 in
209 5192 241 5232 re
254 5188 315 5245 quae
324 5170 446 5229 iestirins
458 5167 588 5224 orationis
602 5166 829 5237 genuspostnlare
838 5164 988 5232 ridebatur,
1003 5163 1083 5233 paulo
1094 5162 1204 5217 liberius
1215 5161 1294 5231 genio
1305 5160 1459 5225 indulsisse,
1473 5167 1499 5215 ct
1513 5158 1662 5213 ornamenti
1677 5172 1709 5213 ac
1722 5156 1797 5227 lepo-

175 5272 214 5326 ris
228 5280 310 5323 cansa
321 5264 470 5329 indusisse,
484 5262 548 5317 olim
561 5259 674 5315 ethnicis
695 5258 781 5329 poetis
793 5256 946 5324 familiaria,
957 5256 1067 5313 deorum
1082 5254 1216 5323 colloquia
1228 5272 1235 5321 ;
1248 5252 1292 5323 qni
1309 5253 1436 5307 maturior
1445 5259 1522 5306 {etate
1536 5260 1561 5305 et
1577 5251 1690 5306 consilio
1700 5250 1797 5315 lactus,

175 5376 232 5417 non
256 5358 337 5413 modo
362 5371 378 5411 a
401 5353 477 5423 nugis
501 5352 554 5407 illis
569 5350 738 5415 abstinuerit,
751 5348 797 5404 sed
813 5349 893 5404 etiam
908 5347 1074 5416 gravioribus
1084 5344 1178 5399 studiis
1192 5343 1324 5398 dediderit
1336 5356 1395 5397 sese
1409 5340 1525 5407 penitus,
1541 5354 1571 5395 ac
1584 5354 1677 5396 tersus
1691 5340 1799 5397 nonnisi

174 5465 254 5516 reiro,
269 5458 296 5505 et
307 5449 341 5501 ah
355 5444 450 5501 amicis
466 5443 604 5498 lacessitus
619 5442 658 5510 lut
671 5440 728 5508 ipse
739 5440 772 5493 de
786 5453 816 5495 se
832 5437 972 5508 prohtetur
987 5436 1033 5491 lib.
1050 5451 1079 5503 u,
1093 5449 1152 5503 cap.
1171 5434 1225 5503 15),
1238 5429 1437 5498 conscripserit.

215 5561 289 5617 ldem
305 5572 357 5613 nou
372 5555 505 5624 vulgarem
516 5551 636 5606 lustorim
650 5558 678 5605 ct
687 5548 854 5619 geographiae
868 5545 1005 5602 scientiam
1021 5560 1073 5614 pne
1083 5559 1113 5601 se
1126 5545 1187 5608 lcrr,
1204 5559 1255 5596 non
1269 5542 1354 5596 solum
1367 5540 1437 5611 qnod
1451 5547 1552 5611 spectat
1567 5540 1599 5594 ad
1614 5553 1659 5595 eas
1674 5538 1798 5611 regiones

176 5669 249 5726 qnas
261 5652 320 5721 ipse
332 5646 493 5717 peragrarit,
508 5655 627 5712 quasque
639 5653 756 5709 praesens
770 5652 931 5706 cognosccre
946 5637 1041 5706 potuit,
1053 5634 1099 5688 sed
1114 5635 1194 5688 etiarn
1210 5630 1296 5701 quoad
1312 5631 1371 5684 illas
1386 5645 1452 5699 quas
1466 5629 1522 5696 ipse
1532 5629 1636 5684 adirrar
1649 5642 1798 5699 nunquam,

180 5755 211 5801 ut
228 5738 374 5810 timpanis,
383 5736 516 5811 totiusque
527 5730 654 5789 Orientis.
669 5728 734 5785 ilinc
747 5737 785 5784 tol
795 5728 932 5783 hurniuuur
946 5725 1140 5797 descriptiones
1149 5740 1180 5778 ec
1191 5721 1327 5778 irritatum
1340 5723 1449 5779 nornine
1460 5729 1488 5776 ot
1497 5722 1615 5793 gentirtrn
1628 5718 1801 5773 barbararum
