3810 6128
160 288 217 348 629
810 277 1060 339 scturttttltutt
1081 279 1192 336 steen.
1743 277 1796 337 DDD

201 405 297 475 ltupna
312 398 382 472 aput
395 401 481 458 Deum
503 399 586 473 ratpot
599 399 694 471 gratia,
706 399 752 470 qui
774 398 838 455 huic
854 398 992 454 mundun
1343 410 1453 454 osusos.

160 493 377 566 contemptibilis
388 493 478 549 luerit.
1042 491 1100 546 lton
1115 491 1187 546 enim
1202 490 1344 560 accepistis
1357 490 1482 560 spiritum
1501 489 1640 546 servitutis
1658 488 1753 544 iterans
1766 487 1796 547 Ιιι

200 588 271 645 llam
284 601 377 643 reuera
389 599 499 643 necesse
512 593 590 642 estut
601 599 680 657 quem
691 584 807 640 mundus
817 581 883 650 odit,
896 582 956 639 ‹tili-
1009 584 1114 648 timore,
1129 582 1177 639 sesi
1198 583 1340 653 accepistis
1360 581 1483 652 spiritam
1507 579 1659 652 adoptionis
1678 579 1794 648 tiliorum

162 686 250 748 gatnr
260 693 277 733 a
289 677 358 733 Deo.
1008 674 1065 739 Dei,
1082 674 1107 728 iu
1122 688 1176 743 quo
1190 674 1347 741 clamamus,
1363 673 1437 728 Attila
1453 681 1530 743 puter
1545 671 1633 743 (iiom.
1649 672 1699 742 ιι)

200 763 311 821 Sanctis
328 766 393 820 viris
403 765 428 821 in
440 765 492 822 noc
505 765 604 821 mundo
618 765 820 821 tabernaculum
836 780 889 821 non
905 772 955 830 est,
1043 765 1149 821 Gratias
1170 773 1281 834 agentes
1300 779 1407 835 semper
1419 778 1470 835 pro
1490 764 1617 821 cuntibus
1635 763 1662 818 in
1686 763 1800 818 noststne

155 856 267 927 quibus
277 855 361 924 patria
376 861 403 910 et
416 854 549 910 demusin
563 855 633 911 coelo
647 861 698 909 est.
1009 856 1115 911 Domini
1129 857 1214 912 nostri
1228 856 1291 912 tesu
1305 856 1414 920 Christi,
1430 855 1487 912 Deo
1498 864 1527 912 et
1539 856 1612 911 Patri
1625 854 1740 925 subiecti
1756 855 1799 909 tn·

199 945 255 1014 Qui
270 947 341 1002 euim
355 946 427 1003 hunc
439 946 570 1002 mondum
582 943 705 1015 diligunt,
721 948 885 1002 turbulentis
899 946 959 1016 eins
1008 947 1094 1002 vicem
1110 947 1135 1002 in
1150 948 1247 1003 timore
1260 945 1358 1003 Christi
1372 946 1480 1019 (Epiros.
1495 937 1551 1019 ιι).Ι

153 1039 242 1096 curis
254 1047 283 1095 et
296 1037 523 1095 sollicitudinibus
532 1037 735 1094 conturbantur.
1096 1024 1100 1032 ’
1334 1052 1466 1093 sscosns.

199 1131 299 1187 Sancti
320 1129 369 1185 viri
382 1129 481 1186 suenio
501 1129 696 1197 renuntiantes,
712 1130 747 1185 ita
772 1128 835 1185 istrie
858 1128 958 1185 mnutlo
1044 1126 1150 1181 initiunt
1164 1128 1303 1197 sapientise
1319 1128 1400 1183 timor
1412 1129 1516 1184 Domini
1529 1129 1619 1202 (Pron.
1634 1132 1665 1199 ι).

153 1222 330 1282 moriuntur,
346 1229 376 1276 nt
389 1220 440 1275 soli
454 1219 509 1276 Deo
523 1221 614 1276 rivere
625 1220 804 1277 ‹letectcntun
1043 1216 1119 1272 time
1132 1218 1285 1285 Dominum,
1299 1226 1328 1273 et
1338 1218 1458 1274 receslea
1473 1220 1545 1276 malo
1557 1221 1649 1292 (Pron.
1663 1220 1713 1291 ιιι).

198 1309 341 1378 Quantum
361 1311 433 1365 enim
457 1311 543 1365 sancti
564 1311 597 1366 ab
612 1311 691 1381 hujus
705 1311 794 1368 secuti
813 1322 957 1367 converta-
1044 1309 1136 1364 Timor
1149 1309 1255 1364 Domini
1267 1318 1384 1380 apponet
1397 1310 1463 1375 (ties,
1479 1318 1507 1365 et
1519 1310 1582 1364 unni
1594 1311 1737 1382 impiorum
1746 1309 1795 1366 ab·

153 1405 245 1462 tione
265 1419 298 1460 se
323 1405 492 1469 subtrahunt,
512 1412 615 1460 tantum
639 1403 869 1459 internumerato
890 1401 959 1459 laeie
1009 1402 1200 1457 breviabuntur
1215 1401 1306 1470 (Prot.
1322 1403 1361 1474 ι).
1791 1417 1794 1423 ·

151 1496 341 1568 praesentiam
358 1495 444 1551 Deiet
461 1496 617 1562 angelornm
632 1496 777 1551 societates
790 1501 818 1551 et
834 1492 957 1563 trequen-
1045 1493 1073 1548 ln
1089 1495 1186 1550 timore
1201 1493 1307 1550 Domini
1322 1493 1419 1549 tlvtucia
1430 1492 1604 1560 tortitudinis,
1619 1500 1647 1549 et
1661 1491 1725 1549 sitis
1738 1492 1799 1565 eins

153 1587 233 1641 tiam
247 1575 301 1641 con
314 1585 476 1656 annotantur.
1009 1601 1025 1642 e
1041 1586 1061 1640 it
1075 1601 1146 1655 spes.

198 1675 232 1729 Si
249 1675 287 1730 ita
302 1675 414 1745 quisquc
433 1676 568 1732 renuntiet
582 1691 641 1748 quae
653 1675 788 1747 possidet,
802 1684 831 1730 ut
852 1675 908 1730 auis
928 1674 955 1729 in
1045 1678 1137 1733 Timor
1160 1677 1265 1733 Domini
1286 1677 1347 1733 lons
1369 1679 1441 1745 uite,
1466 1685 1496 1732 ut
1517 1677 1656 1734 declinent
1681 1693 1696 1733 a
1718 1675 1802 1735 ruine

154 1765 226 1820 aliis
242 1778 299 1821 non
318 1767 454 1822 renuntiet
473 1767 604 1832 moribus,
616 1780 670 1822 nou
693 1773 736 1824 est
752 1765 852 1823 Christi
875 1765 957 1823 vtisei-
974 1735 1106 1823 Bmortis
1119 1767 1211 1839 (Pron.
1231 1769 1297 1839 ιιι).

155 1853 260 1926 pulos.
1045 1859 1097 1928 Diti
1108 1859 1193 1918 Deum
1206 1860 1293 1930 timet,
1307 1860 1373 1917 nltrit
1389 1861 1499 1931 negligit
1510 1859 1616 1932 (lise).

201 1948 257 2015 Qui
271 1950 344 2003 enirn
358 1950 493 2004 renuntiat
507 1949 597 2017 rebius,
609 1963 657 2006 sua
669 1951 795 2020 abnegat.
1302 1968 1377 2009 ossus
1394 1967 1498 2008 srntcu.

199 2037 238 2092 Et
248 2038 296 2109 qui
309 2040 444 2095 renuntiat
458 2040 576 2098 moritus
590 2041 688 2112 pravis,
698 2043 816 2112 scipsum
830 2041 952 2114 abnegat
1044 2039 1135 2097 Timor
1155 2041 1259 2097 Domini
1272 2040 1368 2112 gloria,
1391 2049 1419 2097 et
1440 2041 1576 2109 gloriatio,
1599 2055 1627 2097 et
1648 2041 1753 2110 laetitio,
1768 2051 1799 2098 ct

200 2126 299 2196 Longe
317 2128 445 2199 quippea
465 2129 521 2186 Deo
538 2138 580 2186 est
598 2131 713 2196 animus,
728 2131 773 2187 cui
793 2131 881 2189 ailsuc
899 2131 958 2189 tuen
1008 2147 1109 2187 corona
1124 2133 1311 2189 exsultationis
1325 2132 1437 2203 (Decies.
1450 2123 1486 2202 ἰ).

153 2219 222 2275 vita
235 2217 324 2274 dulcis
335 2228 387 2276 est.
1045 2220 1137 2275 Timor
1150 2219 1255 2276 Dousini
1269 2221 1485 2287 delectabilem,
1500 2231 1527 2277 et
1541 2222 1615 2277 labit
1634 2223 1754 2278 laetitiam
1766 2231 1799 2278 et

200 2308 281 2365 liciti
294 2310 408 2382 cupiunt
427 2313 572 2369 convolare
596 2315 629 2369 ad
652 2315 766 2384 matiam
781 2312 845 2382 Dei,
860 2313 910 2371 ven
923 2313 959 2371 ti-
1009 2308 1146 2380 studium,
1162 2318 1188 2364 θῑ
1199 2310 1391 2378 mutitudinem
1403 2311 1506 2367 dierum
1524 2311 1630 2382 (litt)-

150 2405 245 2454 ment
257 2412 352 2455 carere
363 2400 567 2459 oblectamentis
581 2404 684 2460 munii.
746 2400 748 2404 ’
1044 2399 1161 2454 Timenti
1172 2399 1256 2455 Deum
1270 2400 1340 2458 bene
1352 2402 1407 2457 erit
1418 2401 1445 2458 iu
1459 2405 1599 2468 extremis,
1612 2413 1640 2459 et
1654 2405 1680 2459 in
1696 2403 1740 2460 viic
1749 2403 1797 2460 dc·

201 2485 341 2544 Provocat
358 2490 464 2560 quidem
483 2505 532 2549 eus
551 2505 628 2550 amor
648 2493 758 2563 Christi,
779 2495 827 2551 setl
848 2500 959 2552 revocat
1009 2489 1153 2546 functionis
1167 2506 1223 2547 sure
1237 2492 1411 2554 beneticetm·
1426 2492 1535 2565 (ιιιι).

143 2576 303 2648 cupidius
316 2580 416 2638 seculi.
804 2569 811 2589 '
1046 2581 1139 2638 Timor
1152 2582 1257 2638 Domini
1268 2583 1388 2640 scientiae
1400 2586 1581 2654 religiositas:
1598 2588 1737 2658 plenitmlo
1751 2603 1795 2645 sa·

202 2671 298 2729 linitis
323 2675 410 2732 modis
431 2685 514 2734 terret
537 2679 608 2735 Deus
627 2681 759 2746 nomines,
774 2688 803 2736 nt
828 2680 871 2737 vel
896 2691 958 2736 sero
1010 2673 1281 2743 pientiaeesttinvere
1296 2676 1379 2731 Deum
1395 2676 1503 2748 (ltin).

136 2773 382 2835 convertantur,
407 2776 489 2840 atque
511 2770 575 2826 inde
598 2772 683 2842 magis
702 2772 863 2827 erubescant
887 2771 959 2842 qnod
1043 2764 1150 2821 Corona
1164 2766 1302 2837 sapientie
1326 2766 1407 2824 timor
1421 2770 1544 2836 Domini..
1560 2771 1667 2843 replens
1690 2786 1807 2843 pacem..

136 2857 265 2914 taneio
278 2860 425 2930 exspectati
439 2862 494 2916 siut
508 2870 537 2918 ut
550 2863 679 2920 redirent.
696 2864 762 2919 llam
777 2880 849 2922 nunc
866 2864 957 2933 ruinis,
1010 2868 1038 2913 ιι
1051 2858 1145 2914 solutis
1163 2859 1287 2914 fructum.
1353 2890 1355 2895 ·

134 2959 241 3004 nunc
256 2947 353 3020 plagis,
368 2966 439 3008 nune
453 2955 663 3013 revelationibus
680 2958 811 3029 quosdam
826 2959 958 3026 concutit,
1048 2948 1131 3002 naon
1151 2947 1291 3018 sapientise
1314 2958 1357 3006 est
1370 2949 1466 3006 timere
1480 2950 1584 3015 Deum,
1592 2953 1659 3008 ranst
1673 2952 1747 3008 enim
1760 2950 1795 3008 tl·

131 3045 190 3091 ut
204 3041 255 3110 qni
268 3040 408 3099 votcnuts
421 3046 540 3101 converti
553 3046 713 3118 (lespiciunt,
732 3049 860 3105 commoti
872 3054 956 3105 terro·
975 3087 999 3150 C
1013 3039 1063 3095 ¹5⁰⁵
1077 3040 1200 3109 ¹0ttiaelt·
1796 3058 1799 3063 '

124 3129 245 3189 ribos
264 3133 441 3202 corrigantur.
1050 3129 1143 3185 Timor
1157 3130 1264 3187 Domtm
1285 3132 1397 3203 expellit
1418 3141 1560 3204 peceatum
1574 3150 1582 3188 ι
1598 3147 1661 3187 nam
1674 3135 1720 3204 quvi
1737 3132 1810 3191 alne

196 3222 285 3278 Tune
298 3224 371 3279 enim
383 3237 504 3282 amorem
526 3236 625 3285 mm
641 3232 826 3287 componi,
840 3231 961 3288 ostendi.
1011 3221 1109 3276 timore
1122 3229 1173 3287 est,
1190 3236 1244 3279 non
1259 3225 1359 3293 poterit
1372 3224 1511 3295 justitient
1527 3224 1600 3297 (iliu
1613 3223 1635 3293 ).

124 3323 240 3380 nnus,
257 3316 283 3370 si
302 3315 443 3374 nussim
455 3329 484 3375 m
505 3331 610 3391 patrem
631 3322 777 3393 primum,
792 3338 872 3395 quem
887 3324 961 3395 prius
1046 3309 1184 3381 Sapientia
1200 3321 1228 3369 et
1242 3315 1383 3386 disciplina
1398 3316 1479 3371 timor
1492 3316 1599 3372 Domini
1615 3315 1723 3389 (lite).

116 3405 263 3460 ten-viti
277 3415 439 3466 mentovevc
454 3418 484 3466 us
497 3412 581 3467 neum
598 3413 817 3471 formidabamus,
1046 3401 1104 3457 Non
1118 3404 1155 3458 sis
1170 3404 1336 3462 incredibilis
1349 3406 1439 3462 timori
1455 3407 1569 3474 Domini,
1586 3418 1615 3464 et
1626 3424 1660 3464 ue
1674 3423 1798 3464 occesse-

490 3517 630 3559 DAESADle.
1010 3489 1049 3545 ιιι
1062 3490 1096 3545 ad
1110 3491 1184 3547 illum
1198 3493 1299 3564 duplici
1312 3493 1394 3552 eunte
1408 3493 1514 3568 (stiffi).

188 3585 491 3661 riihitprotlestquost
505 3593 609 3662 iustum
624 3595 711 3651 locum
725 3605 922 3667 exspectamus,
936 3598 960 3653 si
1045 3581 1195 3640 lletuentes
1231 3584 1397 3655 Dominum,
1426 3590 1557 3644 sustinete
1588 3590 1801 3645 ovtvcvtcovetvvn

107 3671 237 3734 ‘ales
250 3677 300 3734 laic
316 3694 409 3736 sumus
421 3682 514 3752 quoles
528 3684 555 3739 in
573 3686 671 3741 saecuio
686 3701 745 3742 esse
760 3696 922 3758 pommus,
1011 3674 1079 3743 eius,
1094 3684 1122 3730 et
1136 3690 1188 3730 non
1202 3674 1351 3734 deflectatis
1360 3678 1394 3733 alt
1406 3679 1460 3745 illo,
1472 3693 1507 3735 nc
1519 3681 1621 3736 cavlatis
1632 3680 1713 3752 (Eccl
1722 3698 1745 3736 a.
1759 3683 1800 3753 ιι).

436 3785 472 3827 ιι
490 3788 558 3829 vim
576 3790 693 3831 puppup,
1047 3765 1098 3832 Qut
1113 3767 1213 3824 timetis
1226 3768 1321 3836 Deum,
1337 3772 1439 3828 credite
1453 3771 1501 3837 illi,
1516 3780 1609 3827 elnon
1624 3775 1801 3830 mactralvitur

183 3859 258 3927 Qui
283 3858 370 3930 etttvu
391 3865 530 3931 seculum,
545 3867 698 3923 tristabitur
711 3869 853 3939 plurumum
871 3887 879 3926 a
894 3885 961 3927 con·
1011 3875 1115 3916 merces
1129 3870 1228 3917 vestra.
1508 3919 1511 3923 .

91 3938 299 4007 ‘ennom
313 3958 405 4008 autem
418 3968 479 4024 quae
493 3955 520 4011 in
534 3970 568 4013 ω
583 3965 655 4026 pum,
671 3959 803 4015 ιωιιιηῃς
815 3970 933 4033 semper,
1048 3951 1097 4019 Qui
1112 3953 1211 4008 timetis
1226 3954 1321 4020 Deum,
1338 3954 1447 4010 landate
1457 3954 1544 4022 illum,
1558 3963 1586 4010 ιι
1600 3956 1626 4011 in
1641 3955 1803 4012 oblectatio·

414 4060 449 4100 ιι
468 4060 546 4104 cmo
563 4064 720 4106 cunm,
1012 4054 1047 4096 ne
1060 4041 1150 4096 veniet
1162 4041 1239 4097 vobis
1252 4043 1436 4098 misericordia
1451 4043 1540 4116 (Post.
1555 4050 1624 4115 ιιι).

181 4123 331 4186 Diilieilis
346 4141 387 4188 est
399 4134 486 4189 subito
499 4139 660 4206 permutasti,
675 4160 682 4193 :
697 4140 778 4209 longo
791 4147 881 4196 autem
893 4147 963 4196 epm.
1048 4131 1099 4198 Qui
1115 4133 1215 4189 timetis
1229 4134 1321 4199 Deum,
1337 4134 1440 4205 diligite
1458 4136 1543 4203 illum,
1559 4144 1586 4193 ιι
1609 4137 1801 4195 illuminabun-

72 4216 236 4283 μοι-ι
249 4226 277 4282 si
301 4227 431 4297 paulatim
452 4230 610 4299 assuefiant,
625 4234 727 4290 laboris
748 4249 802 4290 nnn
824 4236 877 4291 erit
889 4236 963 4306 quod
1013 4227 1151 4282 lurconis
1166 4236 1254 4283 vestra
1270 4224 1383 4300 (Eccita.
1396 4229 1437 4300 ιι).

62 4305 173 4359 ²¹
208 4318 370 4374 usuvenit.
460 4307 464 4338 ¹
1048 4316 1098 4383 Qui
1113 4317 1209 4373 timent
1231 4318 1326 4388 Deum,
1342 4336 1395 4376 non
1416 4328 1497 4376 erunt
1514 4321 1642 4377 increduli
1663 4323 1747 4380 verbo
1769 4323 1802 4380 tt·

169 4397 262 4463 Nm,
278 4409 376 4476 φωτὶ)
389 4424 405 4464 2
418 4417 445 4466 ιθ
457 4411 531 4468 ηομ,
545 4417 700 4483 mmm,
715 4417 763 4474 ,ep
775 4414 894 4473 ,nimam
910 4416 959 4472 mi.
978 4407 1065 4498 nlius
1079 4424 1086 4461 ε
1102 4409 1188 4479 etqui
1207 4408 1321 4479 diligunt
1344 4410 1496 4479 Dominum,
1516 4414 1715 4470 conservabunt
1730 4416 1800 4471 uiam

50 4477 339 4555 ‘eticorum
353 4510 381 4556 et
398 4501 471 4572 piant
488 4512 617 4560 mentem.
1014 4500 1082 4568 01⁰⁸·

1320 4608 1490 4649 sucssrnns.

451 4630 585 4763 emur
611 4630 653 4693 Ἢ
673 4680 681 4697 ·
1050 4680 1101 4747 Qui
1116 4682 1211 4737 timent
1227 4683 1381 4751 Dominum,
1402 4685 1541 4756 inquirunt
1561 4702 1619 4759 que
1632 4689 1814 4763 heneplacito.

491 4747 528 4804 θ’
543 4759 643 4808 tumore.
1015 4783 1077 4828 suot
1097 4772 1135 4829 lili
1159 4790 1166 4827 :
1190 4780 1219 4828 ct
1241 4774 1286 4844 qui
1307 4773 1422 4846 diligunt
1444 4788 1518 4844 eum,
1542 4779 1718 4851 replebuntur
1740 4782 1800 4852 tege

498 4880 635 4922 cnnrsrus.
1014 4868 1105 4935 iustus·
1424 4918 1433 4935 .

178 4940 412 5008 Notitetisnere
431 4955 543 5024 eosqui
565 4971 665 5026 corpas
687 4951 823 5026 ocellum,
846 4961 961 5014 animam
1050 4958 1099 5025 Qui
1115 4958 1210 5012 timent
1224 4957 1367 5015 Dominum
1391 4963 1581 5032 prteparalvunt
1595 4962 1676 5018 corta
1696 4978 1754 5029 sua,
1775 4971 1807 5020 et

69 5015 259 5095 ἧι’ῑιιιιι
273 5055 332 5095 nou
348 5050 460 5110 possunt
474 5045 722 5116 occidercillottn.
742 5049 783 5118 ι).
883 5047 885 5050 ’
1014 5048 1040 5101 in
1056 5050 1288 5119 conspectuitlius
1302 5052 1508 5109 eastctlliealmrtt
1522 5055 1625 5109 anirnas
1640 5070 1711 5109 susas.

117 5204 121 5207 v
185 5122 256 5186 Sed
274 5133 369 5200 potius
379 5147 441 5187 eum
456 5134 548 5190 timete
562 5136 609 5204 qni
623 5145 712 5206 potest
725 5140 843 5196 animam
858 5150 887 5197 et
898 5157 962 5198 cor-
1049 5139 1099 5207 Qui
1121 5140 1215 5197 timent
1239 5138 1391 5208 Dominum,
1414 5143 1571 5199 castolium
1589 5143 1712 5196 coaculato
1733 5143 1806 5213 elvia,

88 5194 142 5300 Ξ)
153 5215 212 5269 ¹¹8
228 5222 345 5276 ιιιίιιιιι
355 5222 385 5290 ia
398 5223 548 5292 patarinum
561 5225 668 5296 (livini.
1014 5238 1043 5285 et
1056 5231 1213 5299 patientiam
1232 5230 1370 5288 habebunt
1393 5246 1478 5303 usque
1500 5233 1533 5285 ad
1549 5232 1745 5300 inspectionem
1767 5238 1802 5287 il·

512 5330 623 5371 ιιιιιιι.
1013 5323 1075 5378 lius.

195 5384 232 5450 tu
251 5398 352 5454 ιίιιιιιι
366 5399 498 5458 incolatus
511 5405 593 5461 ratri
607 5412 730 5476 tempore
742 5414 960 5472 conversamini:
1049 5413 1202 5483 Cogitatum
1222 5415 1292 5470 habe
1306 5417 1333 5469 in
1348 5413 1493 5485 praeceptis
1508 5412 1567 5479 Dei,
1579 5422 1607 5468 et
1628 5414 1654 5468 in
1672 5416 1805 5473 rvvavnlatia

189 5490 255 5541 euru
273 5488 379 5555 ιίιιιιιι,
393 5505 484 5561 repens
499 5494 675 5552 honoriltcate
690 5498 720 5568 it
730 5497 805 5554 Peto.
822 5502 879 5573 ιι).“
1014 5506 1084 5560 illins
1096 5506 1213 5561 maxime
1227 5505 1350 5560 assisium
1363 5513 1433 5560 esto.

207 5571 417 5638 sscnsisierentes
440 5585 467 5641 in
488 5587 587 5646 timore
600 5597 702 5647 castam
726 5595 960 5654 conversationem
1049 5595 1077 5649 lu
1092 5606 1149 5652 tota
1161 5596 1250 5652 antima
1266 5604 1311 5651 tua
1332 5596 1415 5654 Deum
1430 5596 1493 5654 time
1510 5615 1515 5651 :
1532 5597 1579 5667 qui
1597 5596 1692 5654 timent
1707 5597 1803 5665 Deum

183 5660 287 5726 ttslram
300 5670 326 5728 tl
345 5671 417 5728 Detr.
432 5677 474 5745 ιιι)
1014 5689 1133 5746 esurtt'tu
1149 5689 1233 5747 oeulis
1248 5688 1330 5746 itlius.
