3810 6128
158 409 207 462 Ero
220 399 318 456 etenim
330 395 412 451 uestri
427 402 514 447 tantus
528 388 593 444 mibi
607 387 693 441 cultus
713 383 832 448 borrorit,

191 492 225 547 bt
240 505 288 560 pro
301 501 343 543 me
355 492 479 542 occurrat
492 480 553 535 biue
569 477 615 533 tibi
629 475 727 530 missua
742 486 820 538 aper.

155 584 262 650 Quieso,
279 580 364 646 beate,
381 584 469 632 tamen
483 586 531 642 per
545 568 633 624 dulcia
647 564 743 637 pabula
755 562 867 628 Christi,

192 672 233 728 lle
245 683 352 742 quoque
366 674 563 722 commemores
575 699 582 723 ,
600 672 661 714 curu
676 656 753 711 dabis
766 667 813 709 ore
836 663 937 721 preces.

155 765 260 820 Munera
275 761 356 816 credo
372 758 419 813 bei
435 751 514 808 tribui
531 750 608 814 mibi,
629 756 721 820 pastor
736 744 829 810 llredi,

192 854 220 911 sl
235 848 370 906 Fortunati
385 847 423 902 sis
437 856 553 910 memor,
567 842 647 910 alme,
664 839 712 894 tui.

192 955 205 984 ⁸
225 941 314 999 bredii
329 947 413 995 mater
428 936 477 992 loit
491 933 606 1004 Pelagia,
622 929 789 1004 saudbsima
802 965 811 995 ,
826 940 858 1008 ac
872 923 939 980 reli·

154 1011 303 1099 glorissirna
323 1008 438 1072 lentina,
453 1020 519 1087 quae,
529 1011 590 1074 pust
609 1002 711 1084 obitum
726 995 860 1080 iocundi,
876 1008 941 1050 con·

154 1065 941 1212 llldloll‘solidiorilillilllddtb

577 1183 586 1210 s

504 277 661 336 ldllnlllll
681 273 760 333 lllill.
786 270 892 327 Cbliii.
913 259 1111 322 rdrtltidltt
1129 253 1269 316 danduli
1291 250 1379 307 utus
1398 246 1418 303 l.

952 394 976 450 g
993 377 1044 432 l‘ro
1057 389 1099 428 me
1106 371 1185 428 etiam
1193 376 1314 425 sanctam
1325 357 1613 436 genitricem·,cbare,
1621 354 1741 412 salalarta
1751 353 1776 420 ⁸,

1722 239 1776 297 206

1024 464 1090 519 Com
1106 461 1176 518 redit
1189 460 1240 514 iste
1254 471 1330 529 puer,
1347 453 1428 510 redde
1442 450 1577 522 loquentis
1592 460 1683 517 opera.

993 555 1047 611 l'os
1058 553 1150 610 itidem
1164 550 1261 623 genite
1274 546 1399 619 propria,
1410 542 1490 598 Pater
1497 540 1597 611 ample,
1613 538 1741 604 salutant,

1024 647 1115 716 Agnes
1127 655 1219 699 amore
1233 641 1278 710 pie
1290 653 1352 695 cum
1368 632 1531 706 badegonde
1544 629 1635 686 simul.

994 920 1067 977 rebat
1079 957 1088 984 ,
1103 915 1174 972 unde
1188 912 1341 969 alimoniam
1355 919 1383 966 el
1400 910 1449 965 sibi
1470 917 1499 964 et
1513 905 1568 962 lilio
1580 901 1778 986 suppeditaret.

993 989 1099 1046 Laudat
1108 987 1230 1070 eamdem
1242 986 1347 1064 egregie
1357 981 1438 1062 Greg.
1449 981 1514 1035 Tur.
1523 977 1646 1100 pluribus
1660 991 1687 1029 ιο
1700 973 1781 1042 locus,

994 1051 1452 1191 acbprsselciffupeaigtsl’tlrszoudgblorra
1464 1047 1521 1106 Coo
1534 1059 1600 1114 ess,
1612 1059 1638 1101 c
1654 1041 1717 1101 tut.

157 1251 1251 1296 ΜΝ

777 1350 1158 1443 ninsn'snxutis

410 1546 522 1606 CAPUT
540 1547 682 1605 Pillllllll.

347 1639 387 1697 De
400 1642 493 1696 domno
507 1647 520 1677 ⁸
536 1638 665 1711 sigiberto
679 1653 746 1710 rege.

158 1737 292 1864 [ὃῑῗωτιὶ
315 1735 385 1804 regio
399 1747 459 1789 com
478 1729 658 1795 brunichilde,
678 1729 865 1799 libanagildi,
886 1728 941 1784 Go-

198 1821 206 1864 t
227 1822 302 1863 orum
320 1804 392 1876 regis
408 1804 435 1858 lo
449 1803 593 1872 Hispania,
608 1801 680 1866 illia,
700 1802 806 1870 nuptias
824 1753 982 1855 celebratB

194 1879 245 1935 boc
258 1875 395 1942 carmine,
409 1872 478 1947 quod
496 1867 596 1927 a'uerls
610 1871 767 1928 amoenltate
787 1883 820 1926 ac
841 1877 945 1925 naturas

196 1947 369 2004 renovatione
390 1940 503 2012 quadam
518 1941 681 2009 auspicatur.
698 1939 791 1996 Totius
805 1939 879 2010 regni
901 1952 945 1994 or·

196 2027 248 2072 nm
264 2031 296 2071 es
312 2014 386 2068 bisce
401 2011 500 2081 nuptiis
515 2011 634 2066 lotitiam
651 2024 683 2065 ac
694 2009 796 2081 regiam
811 2012 838 2065 ln
852 2008 945 2065 iisdem

195 2085 360 2143 celebrandis
375 2081 598 2151 magnidcentiam
612 2077 754 2152 declaras]
820 2096 823 2102 ¹

164 2179 234 2235 l'ere
247 2190 329 2241 noro,
345 2173 423 2230 tellus
439 2172 519 2228 luerit
530 2173 593 2228 dum
606 2179 685 2229 exuta
700 2169 813 2242 pruinis,

196 2271 232 2327 se
246 2270 376 2338 picturato
389 2266 509 2336 gramine
522 2264 601 2320 restit
612 2278 688 2334 ager.

161 2361 277 2431 Longius
290 2355 436 2413 extendunt
451 2355 579 2411 lrondosa
593 2354 731 2409 eacumina
744 2361 861 2419 montet,

198 2451 230 2505 Et
242 2454 354 2505 renovat
365 2443 464 2502 virides
480 2445 562 2501 arbor
576 2457 660 2511 opaca
673 2456 776 2498 comas.

165 2543 326 2598 Promitteus
336 2536 461 2608 grauidas
472 2534 554 2592 ramis
566 2535 729 2608 genitalibus
743 2549 820 2602 uras,

197 2631 310 2685 Palmite
321 2637 457 2698 gemmato
472 2625 534 2682 ritis
545 2640 652 2681 auroena
667 2634 761 2682 tumet.

163 2721 332 2778 Praemittens
352 2720 443 2788 dores',
459 2718 553 2791 gracili
567 2717 686 2774 blandita
700 2731 823 2788 susurro,

200 2812 331 2869 beliciosa
343 2811 410 2868 laris
422 2810 501 2866 uuella
515 2808 640 2867 recondit
651 2823 727 2880 apes,

165 2906 324 2976 Progeniem
339 2916 466 2975 reparans
477 2911 552 2958 casto
566 2901 678 2959 lecunda
691 2901 772 2959 cubili

199 2997 315 3052 Artidcie
330 3004 406 3051 natos
420 2994 528 3067 gignere
542 2991 634 3051 doreb
653 2994 736 3065 cupit.

166 3091 281 3147 cleribus
295 3098 355 3161 apta
369 3087 425 3144 suis
441 3102 489 3159 pro
504 3087 668 3158 posteritatis
682 3102 774 3144 amore

202 3184 243 3240 Ad
257 3182 326 3239 letus
341 3194 487 3251 properans
502 3180 609 3250 garrula
622 3178 706 3236 currit
717 3179 785 3236 aris.

161 3274 278 3332 'Semine
292 3274 405 3342 quisque
418 3285 468 3326 suo
482 3271 558 3327 senio
570 3269 720 3340 juvenescit
734 3271 760 3325 lo
775 3270 845 3342 ipso,

202 3364 295 3420 Omnia
309 3361 371 3416 dum
385 3361 509 3426 redeunt,
522 3360 617 3429 gaudia
630 3360 744 3417 mundus
757 3360 846 3416 babet.

162 3455 214 3512 sic
228 3453 307 3510 modo
326 3460 420 3507 cuncta
437 3447 536 3518 laverit,
552 3451 615 3507 dum
633 3453 809 3523 prosperitate
823 3465 949 3522 superna,

202 3542 284 3613 Regia
298 3539 420 3596 Caesareo
438 3548 463 3606 θ.
479 3538 583 3608 prolicit
596 3539 739 3612 aulajugo.

160 3634 267 3692 ordine
283 3630 420 3701 multiplici
436 3629 538 3686 lelicem
551 3628 685 3686 insaecula
700 3645 802 3702 regem,

204 3723 327 3794 Undique
339 3721 480 3777 cluserunt
493 3720 592 3776 lumina
608 3729 680 3776 usta
695 3720 803 3776 ducum.

160 3814 291 3872 ¹culrulua
304 3819 343 3868 tot
363 3825 503 3882 procerum
517 3820 680 3866 concurrunt
692 3810 796 3867 culmen
810 3810 843 3867 ad
858 3827 953 3880 unum,

204 3904 277 3961 llars
291 3903 371 3961 babet
383 3917 446 3959 ecce
456 3901 550 3968 duces,
564 3915 614 3972 pas
631 3901 711 3959 babet
723 3917 788 3959 ecce
799 3904 889 3961 decus.

160 3999 332 4056 structorum
346 3994 463 4051 adventu
477 3992 569 4049 lestlra
584 3993 682 4063 palatia
700 3994 814 4061 lerrent,

207 4087 338 4159 coniugio
352 4085 423 4155 regis
436 4099 502 4154 gens
515 4097 562 4139 sua
578 4093 640 4140 rota
654 4084 736 4142 ridet.

167 4179 229 4236 ‘Vos
243 4192 357 4250 quorum
372 4176 478 4248 irriguis
492 4174 507 4214 ⁴
520 4173 601 4232 lentis
614 4186 686 4233 meat
699 4178 781 4245 uulda,
794 4177 891 4244 darete,

208 4268 313 4326 ludicro
328 4279 416 4325 restro
429 4281 549 4323 crescere
563 4281 642 4336 parra
655 4269 752 4324 solent.

207 4385 222 4415 ¹
238 4379 346 4463 ⁸lineola
363 4392 424 4458 que
437 4375 472 4433 rle
486 4375 559 4458 luitis
571 4392 631 4433 cum
646 4379 817 4462 Bruniclrilde
832 4380 956 4451 sigiberti

166 4446 957 4589 ildidibizilld‚ll‘lllilolllulidni

174 4605 191 4645 a
205 4590 349 4645 Fortunato
360 4585 454 4642 eodem
470 4601 540 4640 anno
553 4586 736 4642 elucubratum
750 4588 831 4644 luisse
842 4603 957 4647 censen·

173 4661 236 4714 dum
247 4668 297 4722 eet,
310 4656 386 4711 sicuti
398 4665 425 4711 ct
434 4669 559 4725 sequens,
574 4659 700 4726 seriptum
713 4657 739 4712 in
753 4658 875 4715 eamdem
887 4675 954 4717 reus.

203 4725 222 4768 b
238 4727 311 4782 didit.
328 4725 424 4789 Paria..
438 4735 524 4780 cauta.
605 4741 623 4773 a

211 4807 223 4836 e
243 4795 384 4850 Brorrerus
399 4795 460 4850 binc
473 4795 580 4865 conjicit
594 4794 696 4864 legatos
710 4811 724 4851 a
738 4796 898 4866 tusuoiano,
913 4800 956 4856 rel

172 4864 297 4930 lustioo,
319 4867 421 4947 imper..
439 4865 466 4919 in
490 4867 656 4946 Austrusiam
678 4868 775 4924 missos
813 4871 954 4926 ratulatum

172 4937 227 4993 isto
241 4937 299 4992 loco
312 4934 423 4990 indrcan
438 4949 445 4989 :
463 4932 541 5001 llio,
561 4935 655 5006 inquit,
671 4939 728 5008 qro'a
742 4940 769 4994 iar
788 4883 957 5012 {turmogidi

167 5015 246 5079 prole
265 5001 408 5060 Cretorettm
429 5014 545 5072 summo,
570 5021 615 5061 cett
638 5006 740 5063 laurum
765 5010 793 5064 iu
815 5020 957 5076 mustaceo,

172 5086 305 5147 quaeret.
324 5081 358 5129 At
377 5088 426 5145 ego
447 5090 499 5129 non
519 5075 598 5131 rideo
619 5092 671 5145 qua
690 5086 780 5134 mente
804 5089 882 5151 poeta
895 5090 957 5153 post

173 5149 244 5202 reris
257 5146 474 5215 descriptionem.
490 5145 750 5214 culusltilaritatern,
768 5159 893 5219 tauquam
909 5152 956 5208 bo-

168 5231 235 5272 num
250 5229 348 5279 omen,
363 5215 444 5269 sumit
456 5213 489 5268 ad
504 5215 679 5272 celebrandas
693 5217 819 5288 sigiberti
835 5221 952 5291 nuptias,

172 5287 297 5341 continuo
312 5284 464 5340 subtexeret
479 5285 550 5339 bunc
563 5285 706 5342 disticlrum
721 5306 727 5340 :

218 5377 782 5507 ειὶἓοέοὰοὲοέέὲξὲἓιοοῶᾍῗὲοοίιιιο
793 5396 910 5447 superna,

165 5521 195 5578 si
211 5524 270 5596 jugi
280 5524 394 5606 ,(ἕοοοτοι
408 5526 524 5609 οοιοίοοΙ
538 5529 768 5610 perlegatorum,
784 5535 817 5596 ab
841 5533 956 5604 impera·

173 5604 230 5675 tore
252 5609 382 5660 missum,
398 5610 450 5651 ιιοο
464 5608 618 5665 coniunctio
632 5600 758 5670 sigiberti
783 5619 844 5659 eum
862 5605 957 5660 bruni-

167 5662 260 5721 ·clulde
274 5664 445 5723 iudicaretur.
460 5666 538 5723 Certe
559 5673 693 5738 poematis
707 5674 828 5738 ὑπόθεσις
842 5689 895 5732 οοο
907 5677 956 5732 ad·

1306 1523 1419 1585 CAPUT
1439 1524 1473 1584 tl.

1046 1647 1085 1706 be
1098 1647 1196 1717 nuptiis
1211 1644 1332 1718 sigiberti
1344 1658 1421 1715 regor,
1438 1638 1615 1696 Brttrrieltildir
1628 1641 1733 1712 reglrtoe.

996 1777 1072 1855 [item
1083 1776 1282 1848 epithalamium
1297 1775 1367 1832 canit
1378 1773 1405 1829 ln
1418 1770 1545 1843 sigiberti
1565 1780 1593 1827 et
1605 1770 1786 1829 Bromielrlldis

1031 1849 1156 1918 nuptias;
1178 1847 1337 1916 laudataque
1361 1846 1474 1915 primurn
1495 1842 1620 1913 sigiberti
1643 1849 1786 1899 contineo·

1032 1919 1081 1984 lla,
1096 1919 1157 1974 dein
1177 1917 1278 1973 inducit
1294 1914 1454 1984 Cupidinem
1467 1954 1476 1978 ,
1490 1924 1518 1970 et
1534 1912 1688 1979 Venerem,
1710 1914 1786 1969 illam
1869 1934 1873 1942 ·

1031 1988 1169 2061 sigiberti,
1182 1987 1250 2042 bane
1263 1983 1451 2048 Bruuiclrildls,
1462 1984 1488 2038 ln
1501 1975 1622 2040 laudibus
1636 1981 1787 2051 pradican-

1032 2059 1073 2114 dis
1086 2059 1157 2115 iuter
1168 2062 1351 2114 secertaotes.
1365 2054 1506 2111 Postremo
1517 2051 1604 2109 lausta
1617 2056 1741 2125 utrisque
1755 2066 1787 2111 ac

1032 2128 1093 2185 leta
1107 2123 1264 2198 ominatur]

1033 2264 1160 2332 Felicem,
1175 2264 1226 2332 tol,
1241 2264 1329 2335 pande
1341 2262 1425 2329 diem,
1438 2261 1577 2332 radiisque
1590 2261 1695 2317 serenis

999 2356 1100 2428 sparge
1112 2370 1219 2421 cernas,
1235 2355 1368 2411 tlralamot
1381 2354 1489 2409 siucero
1503 2351 1603 2408 lumine
1614 2352 1754 2424 complens
1767 2370 1773 2407 :

998 2448 1146 2518 sigibertus
1159 2462 1241 2506 orans
1255 2446 1288 2503 ad
1303 2445 1398 2519 gaudia
1415 2452 1506 2500 nostra
1519 2453 1625 2502 creatum

999 2538 1067 2594 Vota
1084 2537 1164 2606 lacit,
1178 2537 1225 2609 qui
1237 2552 1308 2595 nunc
1319 2537 1409 2595 alieno
1423 2537 1492 2594 liber
1505 2549 1607 2604 amore,

1000 2630 1112 2688 Vincula
1127 2632 1207 2687 cbara
1220 2630 1303 2697 subit,
1317 2631 1396 2700 culus
1416 2628 1575 2685 moderante
1585 2628 1707 2699 iuventa,

1002 2720 1170 2780 Cunnublum
1185 2735 1263 2777 mens
1277 2731 1351 2777 carta
1366 2718 1443 2789 petit,
1458 2718 1556 2774 laseira
1570 2717 1729 2784 retundens,

1002 2813 1043 2868 td
1055 2811 1117 2885 iuga
1131 2812 1261 2885 coniugii,
1275 2810 1318 2866 cui
1333 2809 1371 2866 nil
1385 2824 1434 2865 sua
1447 2809 1559 2879 surripit
1569 2816 1655 2865 aetas:
1737 2800 1740 2804 ’
1843 2791 1847 2800 ’

1001 2901 1087 2961 Corde
1101 2911 1113 2938 ⁰
1136 2904 1248 2976 pudicus
1261 2917 1354 2973 agenr,
1369 2908 1459 2958 rector
1472 2907 1511 2956 tol
1528 2901 1650 2971 gentibus
1662 2913 1741 2964 nour,

1002 2994 1037 3050 Et
1049 2993 1099 3052 sibl
1114 2994 1188 3051 irena
1201 2994 1287 3060 dedit,
1302 2993 1349 3050 sed
1365 2991 1435 3063 quod
1450 3001 1544 3047 natura
1558 2990 1683 3060 requirit,

966 3099 990 3164 q
1004 3085 1076 3160 laege
1087 3084 1213 3150 maritali,
1225 3085 1351 3155 amplexu
1364 3090 1560 3140 esteouteotus
1575 3082 1602 3137 in
1616 3095 1681 3138 uno.

1005 3176 1065 3245 Quo
1076 3190 1130 3231 non
1142 3183 1235 3247 peccat
1247 3187 1332 3239 amor,
1348 3170 1395 3228 sed
1408 3180 1483 3228 easta
1496 3169 1594 3226 cubilia
1607 3183 1719 3227 serrano

1005 3270 1138 3324 instaurat
1149 3266 1184 3324 de
1198 3266 1272 3335 prole
1285 3265 1366 3331 lares,
1382 3265 1427 3320 ubl
1441 3262 1536 3320 luserit
1552 3261 1562 3303 ¹
1578 3264 1684 3320 barres:

1003 3357 1094 3416 Torsit
1105 3357 1263 3414 amoriferas
1273 3371 1338 3413 arcu
1353 3355 1485 3412 stridente
1496 3354 1606 3424 sagittas

1008 3451 1089 3510 Forte
1103 3447 1207 3519 Cupido
1220 3447 1330 3512 uolans,
1344 3446 1424 3503 terris
1433 3458 1518 3516 genus
1531 3457 1611 3499 omne
1624 3441 1738 3514 perurit,

1008 3541 1064 3600 Nee
1077 3543 1187 3613 pelagus
1200 3539 1323 3597 defendit
1337 3551 1420 3608 aquas
1435 3545 1461 3602 ⁸,
1476 3550 1537 3591 mox
1551 3534 1614 3591 rilia
1629 3536 1709 3592 corda

1004 3630 1110 3697 subdit,
1123 3631 1219 3701 vulgus
1232 3630 1315 3696 iners,
1332 3629 1437 3684 tandem
1451 3627 1550 3684 deliine
1563 3640 1658 3682 motus
1670 3624 1756 3695 opimi
1765 3623 1792 3693 Ι,

1006 3719 1086 3791 Regis
1100 3719 1272 3776 anbelantem
1288 3716 1399 3787 placidis
1411 3715 1479 3773 bibit
1493 3716 1599 3771 ossibus
1612 3715 1711 3786 iguem,

1006 3811 1122 3867 llolllter
1135 3808 1302 3874 incumbens,
1316 3816 1344 3864 et
1356 3806 1463 3863 inluserit
1477 3808 1583 3861 llamma
1596 3804 1730 3862 medullis.

1007 3902 1116 3973 Regalis
1130 3901 1251 3959 lerrebat
1264 3915 1342 3971 apex,
1357 3914 1406 3957 nec
1420 3909 1498 3955 nocte
1510 3913 1608 3968 sopora

1007 3993 1103 4050 Cordis
1117 4003 1175 4051 erat
1189 3993 1304 4064 requies,
1320 3992 1417 4056 oculis,
1433 3995 1575 4062 animoque
1588 4005 1728 4048 recurrens

1007 4087 1049 4144 td
1062 4087 1153 4144 rullus
1167 4101 1234 4158 quot
1249 4086 1334 4157 pinsit
1346 4084 1445 4143 turriti
1463 4101 1549 4152 amor,
1570 4092 1738 4155 mentemque
1754 4085 1797 4141 ia·

1653 4174 1757 4247 litans.

1010 4269 1086 4338 Saepe
1100 4282 1148 4338 per
1163 4268 1313 4337 amplexum
1330 4266 1396 4323 laisa
1412 4267 1463 4322 sub
1476 4267 1590 4338 imagine
1604 4266 1677 4323 lusit.

1010 4388 1106 4436 ventus
1120 4378 1266 4449 legatorum
1288 4378 1416 4445 linearis,
1432 4393 1464 4435 ac
1477 4379 1635 4448 praesentia,
1649 4377 1696 4434 sed
1715 4392 1798 4450 rega·

971 4451 1049 4516 bles
1072 4449 1172 4518 nuptiae
1193 4464 1254 4506 esse
1277 4448 1409 4505 videntur.
1425 4449 1493 4517 Quid
1508 4461 1597 4504 autem
1621 4449 1729 4504 obtrudi
1753 4459 1802 4506 est

1010 4518 1153 4575 Cetureom
1168 4519 1257 4589 iugum
1273 4533 1320 4586 pro
1334 4521 1407 4590 regio
1425 4523 1558 4588 usurpari,
1574 4518 1727 4575 abdomine
1742 4518 1798 4575 na·
1881 4523 1887 4527 '

1008 4591 1065 4673 tino
1080 4589 1242 4712 plraesedrtim
1256 4588 1300 4644 cui
1314 4590 1450 4672 cupatrio
1463 4589 1591 4644 idiomate
1603 4599 1630 4644 et
1649 4599 1799 4695 cogatuetu·

1008 4659 1072 4813 lli
1092 4659 1496 4810 ,illilltill'iiillil
1512 4659 1799 4796 linitionis

1009 4813 1093 4870 ipsam
1107 4798 1351 4867 magrqlieeotram,
1374 4814 1404 4855 ac
1419 4799 1597 4868 dignitatern,
1613 4799 1640 4854 in
1656 4797 1699 4852 illa
1715 4798 1800 4854 mrim

1009 4869 1084 4939 regni
1109 4869 1306 4939 gratulatione,
1322 4868 1536 4934 exprimendam,
1558 4868 1629 4923 onds
1650 4868 1691 4922 rel
1706 4869 1740 4922 ali
1785 4884 1802 4924 a

1008 4954 1023 4994 a
1048 4939 1153 5010 regibus
1172 4940 1256 5007 gratia
1279 4939 1329 5007 ipsi
1348 4939 1504 5004 Fortunato,
1532 4939 1633 4994 bomini
1652 4936 1801 4994 lucellis

1008 5024 1088 5075 noro,
1099 5009 1234 5064 conciliari
1248 5020 1348 5079 posset,
1358 5011 1505 5078 presertim
1515 5023 1577 5063 com
1591 5009 1647 5077 ipse
1658 5009 1804 5065 Brorrerus

1008 5079 1123 5141 latentur
1137 5077 1253 5133 Francos
1264 5093 1278 5132 a
1291 5077 1437 5134 Fortunato
1451 5093 1559 5149 semper
1574 5077 1720 5144 Romanos,
1733 5094 1805 5136 usu·

1011 5287 1081 5343 Edit.
1100 5257 1299 5370 Paris.,·irr⁸riqui
1313 5236 1392 5358 fontir
1406 5235 1502 5354 nunt?
1514 5260 1541 5344 in
1555 5235 1653 5359 ¹marg,
1668 5298 1747 5342 meet.
1794 5258 1802 5274 ⁸
1829 5260 1833 5269 ⁴

1047 5359 1139 5413 alleri.
1154 5357 1225 5414 Edit.
1241 5369 1268 5413 et
1281 5374 1348 5414 uuus
1362 5359 1429 5414 Cod.
1447 5360 1518 5424 llat.,
1541 5359 1619 5415 corula
1641 5359 1764 5429 pedicas.

1048 5426 1058 5466 ἴ
1076 5428 1145 5483 Edit.
1162 5428 1240 5494 tlon..
1256 5430 1301 5484 lars
1312 5431 1360 5483 erit
1373 5431 1464 5485 turer.

1045 5498 1192 5624 elbidaezl
1206 5513 1275 5624 Ιιὲιὲξῗ
1287 5499 1353 5555 eoo.
1369 5500 1427 5556 llat.
1439 5510 1468 5555 et
1483 5501 1555 5559 Edit.
1572 5501 1670 5568 Paris,
1684 5501 1808 5573 defendit
1832 5538 1835 5543 ·

1008 5584 1144 5695 diffidi:
1159 5583 1222 5694 leun.
1236 5610 1264 5695 el
1275 5607 1378 5707 'Prms.,
1393 5640 1591 5701 detineremur
1607 5643 1708 5714 opinata
1723 5682 1731 5698 .
