3810 6128
133 237 193 294 sss
736 235 949 290 orruvuuuuu
969 231 1176 293 canounuu.
1309 221 1312 226 ’
1348 225 1351 229 ’
1707 238 1758 294 ιιι

174 350 313 408 Νιιιιιιιιιιι
331 349 568 420 episcopusdixit:
582 348 640 404 init
653 362 759 418 sempor
773 348 829 401 lucc
842 347 923 402 licen·
939 351 959 407 Α
975 354 1081 414 oportet
1089 348 1112 402 ei
1122 361 1219 417 negare
1230 347 1391 403 aulieutiam
1401 349 1610 417 roganti;etille
1618 353 1759 422 episcopus
1799 376 1809 386 ·

136 445 178 500 tia
204 443 269 498 braic
288 441 358 507 sedi,
382 452 412 497 ut
430 440 501 497 unde
516 441 611 505 vellet,
636 440 710 495 etde
725 440 802 507 cujus
817 438 925 492 nominc
977 439 1090 506 quieurn
1096 438 1331 507 justeautinjrrste
1342 438 1721 510 alrjeeit,patienteraccipiat,
1730 452 1759 498 ιιι

136 537 236 592 luisset
255 544 414 600 conventus,
438 548 488 604 pro
505 531 638 587 desiderio
655 529 785 600 cujusque
803 527 926 584 ecclesia
978 531 1114 598 negotium
1131 530 1341 592 discubuimus
1358 530 1399 587 rel
1415 530 1543 598 probetur
1555 533 1689 586 sententia
1703 531 1762 601 ejus

136 628 278 684 ordinaret
287 625 454 695 episcopum.
977 633 992 672 a
1006 620 1136 688 plurimis,
1153 620 1194 674 vel
1206 620 1363 675 emendetur
1377 637 1384 672 ι
1400 629 1487 675 ιιιιιιιι
1503 620 1657 690 priusquam
1671 622 1760 676 omnin

175 716 323 788 Epigonius
352 714 497 785 episcopus
525 713 615 768 dixit:
634 711 745 768 Bonitas
776 718 927 781 sequestrat
977 709 1127 778 diligenter,
1153 718 1182 765 et
1203 709 1317 765 fideliter
1330 710 1527 776 examinentur,
1543 724 1605 766 cum
1625 711 1669 780 qui
1684 711 1762 767 luerit
1790 767 1800 789 ,

138 806 364 878 possibilitatem,
385 803 473 857 miuus
491 804 561 857 enim
577 801 727 873 praesumis,
750 802 841 866 irater,
865 816 926 857 curn
977 800 1168 856 commuuione
1202 808 1343 868 separatus
1376 811 1439 854 unte
1464 799 1646 868 cognitionem
1674 801 1763 856 nullus
1788 824 1792 833 ·

138 909 169 954 te
196 899 296 954 bonum
328 905 357 951 et
387 895 547 950 clementem
574 895 700 950 omnibus
724 892 823 959 reddis,
846 893 928 949 babes
978 889 1058 945 debet
1084 902 1301 962 praesumerent
1327 907 1388 945 eum
1409 892 1707 949 communionesociet.
1730 893 1763 948 lli

138 990 217 1046 eninr
237 989 290 1044 boc
304 987 329 1041 in
348 986 469 1042 arbitrio.
491 985 562 1040 Satis
577 994 619 1040 est
638 992 667 1039 ut
679 984 793 1040 satisfiat
807 1000 928 1053 personae
978 996 1042 1036 vero
1054 983 1098 1050 qui
1109 983 1271 1037 conveniunt
1284 982 1316 1036 ad
1329 981 1500 1046 audiendum,
1521 983 1544 1038 si
1556 981 1673 1038 viderint
1682 984 1764 1039 cleri·

139 1078 284 1147 uuiusano
299 1091 351 1147 que
373 1076 492 1146 episcopi
512 1076 538 1130 in
560 1075 644 1144 prima
658 1075 843 1129 tantummodo
863 1090 929 1129 cou-
978 1086 1070 1126 corum
1084 1085 1144 1126 esse
1155 1071 1282 1139 studium,
1309 1078 1337 1124 ct
1348 1071 1512 1143 superbiam,
1539 1071 1670 1140 quianon
1687 1072 1766 1128 decet

139 1165 326 1222 rerrtionetsi
349 1172 438 1218 autom
463 1164 534 1235 qrrod
555 1165 619 1219 licet
638 1163 700 1217 lruic
720 1161 776 1218 sodi
792 1162 928 1217 vindicuu-
978 1170 1009 1216 ut
1033 1162 1176 1232 episcopos
1198 1161 1324 1231 iujuriam
1348 1162 1389 1216 vel
1414 1160 1606 1217 contumeliam
1630 1161 1764 1232 patiatur,

137 1259 203 1314 doru
229 1257 280 1313 sibi
295 1254 375 1311 luerit
388 1255 545 1320 arbitratus,
567 1269 679 1310 necesse
693 1252 776 1309 babos
791 1261 818 1307 ιιι
835 1270 929 1308 omnes
978 1253 1135 1308 srcrioribus
1146 1267 1193 1307 eos
1207 1251 1297 1309 verbis
1314 1250 1455 1320 castigent,
1471 1263 1501 1307 ut
1514 1253 1641 1308 obediant
1651 1253 1764 1309 honesta

137 1348 271 1405 ecclesias
288 1344 438 1411 suffulcire,
464 1346 534 1400 unde
551 1346 598 1400 tibi
620 1361 673 1400 non
697 1354 857 1416 potestatem
879 1345 925 1399 da·
979 1344 1142 1415 praecipienti
1155 1346 1293 1414 episcopo,
1314 1344 1376 1412 qnia
1392 1344 1461 1398 sicut
1485 1343 1529 1399 illc
1551 1344 1657 1400 clericis
1678 1347 1766 1403 sinec-

139 1454 217 1502 mus,
233 1435 281 1492 sed
293 1444 365 1490 tuam
386 1436 561 1504 assignamus,
582 1443 611 1489 ιιι
625 1434 705 1490 liceat
719 1434 851 1489 voluntati
866 1443 927 1497 ture,
979 1451 1038 1490 rmn
1053 1433 1134 1490 debet
1145 1434 1273 1491 exlribcre
1287 1448 1406 1490 aurorem
1419 1434 1570 1503 charitatis,
1598 1435 1635 1490 ita
1659 1451 1767 1506 quoque

138 1529 221 1582 etiarn
252 1541 358 1596 semper
385 1533 477 1580 tenere
503 1540 582 1593 quem
610 1525 695 1588 voles,
717 1533 746 1578 ut
771 1525 930 1596 prepositos
980 1525 1094 1580 vicissim
1109 1525 1222 1580 ministri
1238 1525 1355 1581 intonata
1373 1524 1473 1580 debent
1487 1526 1614 1597 episcopo
1627 1540 1676 1582 stro
1690 1527 1768 1582 exbi-

138 1618 264 1691 plebibus
279 1617 321 1673 vel
342 1617 462 1672 ecclesiis
484 1617 651 1683 coristituas,
666 1616 711 1686 qui
726 1617 854 1689 postulati
871 1616 928 1672 lue-
979 1616 1044 1673 berc
1057 1617 1194 1686 obsequia.

139 1711 204 1775 rint,
217 1718 246 1765 et
261 1709 331 1764 unde
345 1709 430 1765 voles.
946 1709 968 1767 Β
1017 1706 1058 1760 Ec
1068 1707 1176 1760 decretis
1194 1721 1270 1777 puple
1285 1703 1443 1773 lrrnoceutii,
1457 1705 1496 1759 ιιι.
1518 1704 1562 1760 11.
1582 1705 1618 1762 Ut
1630 1706 1664 1763 de
1679 1706 1766 1763 aliena

176 1799 365 1855 postumianus
388 1797 530 1869 episcopus
551 1796 638 1852 dixit:
654 1795 754 1852 Deinde
778 1797 824 1868 qul
846 1812 927 1852 unum
981 1797 1095 1853 ccclesia
1109 1797 1236 1852 clericum
1252 1796 1377 1852 ordinare
1397 1794 1485 1850 nullos
1499 1806 1621 1866 usurpet,
1642 1797 1692 1853 nisi
1708 1800 1767 1867 eius

139 1889 275 1957 babuerit,
291 1888 410 1959 uunquid
423 1888 505 1945 debet
518 1888 556 1944 illi
577 1904 645 1944 unus
659 1888 799 1960 presbyter
811 1887 929 1944 auferri?
979 1889 1097 1958 episcopi
1121 1888 1249 1958 precibus
1273 1888 1431 1943 extructatus
1455 1889 1606 1944 concedere
1630 1889 1766 1956 voluerit;

139 1983 266 2039 Aurelius
290 1983 432 2055 episcopus
456 1983 523 2037 dixit
536 1978 612 2038 :Sed
627 1983 769 2052 episcopus
787 1997 855 2037 unm
869 1996 929 2038 esse
979 1978 1032 2036 boc
1045 1980 1125 2034 etiam
1147 1980 1266 2050 synodus
1288 1977 1384 2032 statuit
1397 1975 1513 2042 Nicroua,
1531 1986 1560 2032 ut
1580 1977 1713 2046 abiectum
1733 1980 1766 2033 ab

138 2083 229 2146 potest
243 2087 383 2144 perquem
404 2071 559 2143 dignatione
572 2072 663 2127 diviua
679 2070 830 2141 presbyteri
852 2069 929 2127 multi
979 2069 1064 2125 altero
1078 2070 1216 2135 clericum,
1233 2067 1316 2124 alteru
1336 2067 1449 2123 ccclesia
1465 2083 1517 2122 uon
1530 2068 1651 2140 recipiat.

137 2165 268 2220 constitui
293 2164 418 2236 possint,
445 2179 515 2219 uuus
539 2170 628 2217 autem
650 2161 794 2232 episcopus
821 2159 929 2216 dillicile
1018 2157 1059 2214 Ee
1079 2161 1186 2213 decretis
1199 2175 1275 2229 popo
1300 2158 1403 2225 ieonis,
1427 2161 1467 2212 ιιι.
1493 2156 1537 2213 59.
1552 2158 1675 2214 d'ieuum
1689 2159 1768 2214 cleri·
1809 2228 1813 2237 ,

138 2256 276 2312 inuenitur
297 2255 521 2312 constituendus:
537 2262 700 2326 quapropter
712 2254 734 2309 si
748 2252 929 2309 necessarium
979 2265 1041 2306 curn
1065 2251 1149 2306 invito
1172 2251 1301 2322 episcopo
1323 2251 1407 2321 ipsius
1430 2264 1510 2304 neruo
1530 2249 1667 2321 suscipiat,
1688 2265 1767 2304 nemo

137 2347 306 2417 episcopatui
320 2346 379 2416 quis
392 2345 516 2400 habuerit
530 2343 736 2414 presbyterum,
750 2350 776 2398 el
792 2358 883 2408 uuum,
900 2350 930 2399 ut
979 2342 1116 2410 sollicitet,
1140 2342 1190 2397 nisi
1210 2341 1279 2398 lorto
1302 2356 1336 2396 ex
1361 2341 1461 2411 placito
1474 2340 1632 2396 clraritatis:
1649 2339 1676 2394 id
1697 2340 1768 2394 inter

138 2436 242 2507 dixisti,
260 2437 357 2504 irater,
372 2437 506 2504 habuerit,
520 2436 602 2492 etiam
621 2437 707 2506 ipsum
729 2435 763 2491 ad
777 2435 928 2505 promotio·
979 2436 1088 2495 dautem
1108 2435 1341 2507 accipientemque
1360 2435 1521 2491 conveniat:
1538 2449 1599 2489 nam
1622 2434 1711 2504 gravis
1725 2436 1766 2490 iu-

139 2543 201 2583 rem
226 2526 434 2583 deredebebit.
459 2524 648 2581 Postumiauus
675 2524 927 2595 episcopusdixit:
976 2527 1055 2599 iuriae
1079 2543 1142 2585 reus
1164 2536 1215 2596 est,
1230 2529 1276 2599 qui
1297 2529 1332 2584 de
1353 2526 1443 2583 fratris
1462 2527 1576 2583 ccclesia
1601 2528 1626 2581 id
1640 2527 1712 2596 qnod
1726 2535 1767 2582 est
1841 2525 1849 2537 '

138 2615 210 2687 Ergo
223 2619 246 2673 si
262 2618 343 2673 babet
356 2616 424 2673 alios
443 2617 609 2672 abundantes
623 2615 747 2684 elericos,
769 2616 851 2673 debet
864 2615 928 2673 inibi
979 2617 1081 2687 utilius,
1095 2628 1141 2673 aut
1151 2617 1304 2689 pretiosius,
1318 2619 1398 2673 audet
1408 2617 1451 2673 vel
1461 2618 1588 2685 abjicere,
1602 2617 1643 2672 vel
1655 2627 1766 2671 tenere:

138 2707 191 2762 alia
205 2707 283 2777 plebs
296 2706 449 2762 subvenire.
979 2707 1069 2780 itaque
1092 2709 1115 2766 si
1139 2710 1209 2763 iutra
1233 2709 1399 2778 provinciam
1425 2722 1469 2763 res
1489 2707 1587 2777 agitor,
1602 2704 1787 2774 transfugam

172 2797 300 2852 Aurelios
321 2795 559 2868 episcopusdixit:
576 2796 648 2852 Sane
665 2796 773 2867 quando
799 2805 827 2852 tu
842 2795 929 2853 eccle·
979 2798 1108 2854 clericum
1138 2798 1172 2854 ad
1187 2798 1329 2854 ecclesiam
1348 2813 1425 2852 suam
1447 2797 1671 2867 metropolitanus
1694 2813 1769 2852 corn-

139 2887 184 2942 sim
198 2887 278 2942 alteri
296 2887 466 2954 subveneris,
492 2888 697 2957 persuadebitur
710 2889 747 2943 illi
769 2876 828 2959 qui'
837 2887 930 2959 plores
978 2891 1072 2964 pellet.
1085 2891 1113 2948 Si
1125 2900 1217 2947 autern
1230 2891 1336 2960 longius
1346 2889 1467 2952 recessit,
1484 2890 1522 2944 tui
1537 2889 1661 2960 praecepti
1673 2899 1769 2945 aucto·

140 2977 220 3036 habet
232 2979 356 3060 elericos,
369 2986 398 3034 ut
408 2994 489 3034 onum
503 2978 550 3034 tibi
565 2979 743 3034 ordinandum
753 2977 892 3049 largiatur.
980 2980 1062 3036 ritate
1077 2979 1261 3047 revocabitur,
1276 2989 1305 3036 ut
1320 2995 1369 3036 nec
1384 2980 1536 3052 cupiditati,
1553 2995 1602 3036 nec
1618 2981 1766 3049 ambitioni,

357 3131 363 3143 .
503 3134 509 3146 ,
576 3132 582 3145 ,
709 3135 714 3146 ,
883 3134 890 3146 ,
939 3058 1088 3130 Caucasio
1102 3072 1281 3143 relinquatur.

168 3127 262 3186 xtttt.
280 3127 314 3185 m
323 3147 455 3202 epsicopus
467 3149 508 3200 qur
520 3133 626 3187 clertcos
640 3133 667 3187 oi
678 3149 746 3188 crtus
761 3140 900 3204 susceperit

379 3204 556 3256 ‘mmm‘
565 3206 688 3274 illlam·
1049 3226 1119 3282 xlx,
1143 3226 1177 3283 tu
1190 3228 1286 3300 digami
1296 3245 1348 3283 ιιοιι
1357 3229 1529 3283 admittuntur
1544 3230 1578 3284 od
1589 3231 1694 3284 clerum.

172 3333 206 3390 ln
223 3335 368 3391 maenibus
388 3337 587 3408 Apostolorum,
612 3338 679 3394 titul.
712 3337 753 3392 16.
780 3336 928 3410 Episcopus
1014 3342 1047 3397 ln
1069 3341 1216 3400 Coronides
1230 3344 1425 3413 Apostolorum,
1442 3346 1482 3400 tit.
1510 3344 1555 3400 i'l.
1571 3344 1676 3414 Siquis
1704 3352 1766 3414 post

141 3427 209 3496 apud
221 3435 327 3495 quem*¹
341 3425 496 3483 demoratos
508 3427 623 3484 elericos
635 3428 746 3484 alterius
757 3444 817 3485 esse
827 3429 928 3486 cousti-
979 3433 1110 3506 baptisma
1123 3433 1248 3489 secundis
1260 3416 1340 3490 inerit
1352 3435 1451 3504 nuptiis
1466 3434 1618 3505 copulatus,
1635 3442 1683 3488 aut
1696 3449 1764 3489 eon-

141 3517 210 3583 urit,
225 3517 248 3573 si
261 3527 355 3573 contra
368 3533 416 3573 eos
429 3520 567 3574 decretam
583 3522 761 3576 cessationem
776 3537 825 3592 pro
845 3522 928 3578 nihilo
978 3525 1104 3581 cubinam
1119 3526 1252 3590 babuerit,
1275 3541 1328 3582 non
1354 3534 1444 3597 potest
1465 3541 1526 3582 esse
1539 3524 1693 3597 episcopus,
1714 3541 1767 3579 non

141 3617 274 3679 reputans,
302 3617 429 3678 tanquam
453 3610 565 3666 clericos
589 3610 659 3667 lorte
673 3613 831 3682 susceperit,
855 3613 929 3669 velut
978 3617 1129 3688 presbyter,
1144 3625 1191 3670 aut
1204 3616 1344 3685 diaconus,
1360 3625 1406 3672 ant
1422 3632 1532 3685 prorsus
1547 3631 1581 3671 er
1594 3631 1708 3672 numero
1718 3630 1769 3670 eo·

141 3700 263 3768 magister
278 3699 397 3769 inquieto
407 3700 477 3767 inis,
489 3703 677 3757 cournmuloue
692 3703 818 3772 privetur.
978 3723 1037 3762 rmu
1049 3708 1094 3778 qui
1109 3708 1258 3764 rntniserio
1274 3723 1352 3763 sacro
1362 3708 1527 3764 deserviunt.

173 3788 273 3846 Currit.
304 3790 476 3858 sandicum,
514 3793 581 3848 titul.
609 3794 651 3847 16.
680 3792 759 3850 Ouios
786 3796 928 3866 episcopos
1015 3797 1114 3851 concil.
1129 3796 1303 3866 trodic.,ttt.
1321 3797 1397 3854 1.οι
1408 3798 1505 3869 trisqui
1518 3799 1665 3870 secuudum
1680 3799 1768 3856 eccle·

140 3878 297 3937 dirimitur
316 3898 425 3952 quoque
445 3883 571 3941 omuibus
594 3885 693 3954 placet,
720 3894 750 3939 ut
765 3886 821 3940 sive
834 3887 927 3941 diaco·
978 3888 1113 3944 siasticam
1133 3888 1252 3957 rcgulaur
1270 3890 1363 3953 iibere,
1387 3904 1419 3944 ac
1440 3890 1560 3958 legitime
1575 3891 1700 3947 secuuds
1716 3906 1767 3944 nu-

140 3986 197 4038 aas,
210 3987 269 4027 sre
283 3973 434 4044 presbyter,
463 3976 519 4029 sire
533 3975 594 4044 quis
617 3974 787 4044 elericorum,
812 3977 845 4031 ub
868 3978 928 4046 epi·
980 3978 1141 4048 ptiianncti
1168 3988 1239 4044 runt,
1261 3981 1432 4034 nccocculte
1458 3980 1612 4049 nuptiarum
1642 3981 1767 4052 copulam

139 4074 168 4116 te
183 4076 219 4131 po
228 4077 279 4116 suo
291 4064 481 4118 communione
493 4062 573 4120 luerit
585 4065 716 4134 privatus,
728 4074 756 4119 et
768 4065 801 4119 ad
815 4069 928 4120 aiterum
979 4070 1112 4136 lecerunt,
1128 4078 1237 4140 oportet
1251 4078 1280 4124 ut
1293 4086 1376 4141 proruo
1389 4080 1510 4142 tempore
1525 4080 1660 4128 trausacto
1673 4085 1769 4127 vacent

139 4152 286 4220 perrexerit
308 4153 476 4223 episcopum,
499 4163 527 4209 et
549 4155 642 4208 scierit
665 4153 698 4208 ad
713 4169 793 4223 quem
808 4154 928 4225 corrlugit
978 4155 1154 4221 orationibus,
1185 4164 1213 4210 et
1233 4155 1351 4226 jejuniis,
1377 4157 1473 4226 quibus
1486 4157 1656 4228 etiamjuxta
1677 4158 1767 4214 indul·

139 4257 196 4298 euru
211 4243 246 4298 ab
266 4244 394 4314 episcopo
408 4259 457 4299 suo
476 4244 558 4298 luisse
577 4245 722 4313 abjectum,
753 4262 806 4300 non
820 4254 929 4316 oportet
978 4248 1097 4315 gentiam
1111 4249 1328 4305 commonionem
1340 4250 1414 4305 reddi
1428 4251 1607 4306 decrevimus.

138 4345 167 4389 ut
178 4337 202 4392 ei
213 4338 432 4393 communionem
448 4338 599 4408 indulgeat;
624 4340 696 4409 quod
709 4340 730 4395 si
742 4340 844 4408 iecerit,
859 4341 928 4397 sciat
1013 4338 1056 4394 Ea
1070 4339 1164 4394 decret.
1179 4357 1253 4412 popu
1267 4340 1367 4408 Siricii,
1384 4349 1423 4395 tt.
1436 4341 1480 4395 ll.
1497 4341 1622 4411 Quisquis
1635 4358 1701 4399 saue
1712 4344 1767 4399 cle·

130 4441 166 4481 se
183 4430 340 4484 convocatis
353 4430 486 4500 episeopis
504 4446 600 4487 causas
628 4447 688 4488 esse
700 4432 844 4488 dictorum.
863 4434 926 4489 lini-
942 4399 1051 4489 ¹'ricus
1064 4441 1111 4488 aut
1126 4432 1244 4502 viduam,
1260 4441 1306 4488 aut
1318 4443 1392 4488 certe
1406 4433 1550 4489 secundam
1564 4436 1705 4506 coniugem
1720 4437 1768 4492 du·

129 4520 206 4573 versi
219 4520 365 4575 dixerunt:
380 4519 437 4577 iloc
456 4530 587 4578 statutum
607 4531 635 4578 et
648 4538 741 4594 pacem
756 4525 884 4591 servabit,
900 4534 927 4582 ct
980 4525 1060 4591 serit,
1076 4526 1149 4580 omrri
1164 4525 1355 4581 ecclcsiastIcrc
1379 4525 1516 4594 dignitatis
1540 4527 1679 4596 priuilegio
1701 4543 1765 4583 mox

130 4609 308 4664 concordiam
321 4613 466 4666 custodiet.
979 4617 1105 4686 nudetur,
1121 4618 1188 4672 laicu
1212 4626 1313 4671 tarrturn
1339 4617 1389 4671 sibi
1415 4618 1605 4673 communione
1619 4634 1766 4688 concessa;

170 4699 272 4756 ancil.
291 4703 449 4771 supradicto,
467 4705 506 4758 tit.
525 4704 567 4758 l'l.
588 4702 666 4760 Osius
681 4706 923 4777 episcopusdixit:
977 4725 1058 4780 quam
1073 4711 1228 4765 itodeurum
1252 4709 1352 4779 poterit
1371 4709 1519 4778 possidere,
1544 4710 1568 4764 si
1584 4709 1650 4766 nibil
1674 4723 1769 4782 poster

131 4793 213 4862 Quod
228 4811 272 4850 me
282 4796 369 4851 adbuc
383 4808 473 4853 movet
488 4800 604 4855 retinere
623 4817 677 4856 nou
692 4803 796 4869 debcu;
819 4804 841 4857 si
867 4804 926 4874 epi·
978 4814 1088 4873 propter
1100 4803 1172 4872 quud
1183 4803 1252 4857 banc
1261 4799 1366 4871 perdat,
1383 4803 1516 4857 admittat.

137 4885 386 4958 venpustnteqnts
401 4889 635 4959 iracundos,quod
650 4907 776 4948 essenon
793 4893 882 4958 debet,
899 4903 927 4948 ot
1015 4893 1055 4946 Eu
1069 4893 1177 4946 decretis
1194 4909 1270 4964 popu
1284 4891 1443 4959 iunocentii,
1457 4894 1497 4950 tit.
1515 4893 1558 4959 ll,
1580 4892 1613 4947 ti
1628 4901 1656 4950 et
1673 4896 1706 4950 15
1734 4897 1741 4948 Ι
1758 4904 1768 4948 ι

136 4989 232 5046 aspere
256 4989 444 5034 commovetur
468 4982 610 5036 adversum
641 4985 842 5053 presbyterum,
869 4989 926 5038 sive
978 4985 1086 5040 viduam
1107 4982 1222 5038 clericus
1237 4999 1292 5038 uon
1317 4984 1398 5038 drrcat
1413 4999 1535 5048 urorum,
1550 4985 1612 5054 qnia
1636 4987 1766 5055 scripturn

140 5065 378 5136 liacrrnumsuum,
410 5079 437 5126 et
457 5076 637 5130 exterminare
665 5091 727 5129 curu
750 5075 784 5129 de
804 5075 923 5131 Ecclesia
978 5089 1019 5134 est
1031 5096 1037 5131 :
1049 5078 1210 5133 Sacerdotes
1231 5092 1341 5132 uxorem
1358 5078 1486 5146 virginem
1502 5079 1648 5147 accipiant,
1661 5094 1714 5130 mm
1727 5093 1766 5127 rr-

141 5160 261 5227 mloerit,
281 5165 476 5233 providendum
499 5175 540 5221 est
564 5183 599 5222 ne
622 5168 753 5222 innocuus
770 5168 925 5236 damnetur,
978 5169 1068 5234 duam,
1085 5184 1137 5222 non
1157 5169 1282 5237 ejectam.
1300 5168 1397 5237 Utique
1416 5169 1459 5237 qui
1475 5166 1508 5220 ad
1532 5166 1712 5221 sacerdotium
1723 5167 1765 5216 la-

139 5261 182 5307 tut
194 5253 289 5322 perdat
303 5256 536 5323 communionem,
547 5266 575 5313 et
586 5259 646 5312 ideo
655 5259 752 5312 babeat
764 5266 924 5327 potestatem
978 5259 1043 5314 bore
1057 5274 1106 5314 suo
1119 5266 1144 5312 et
1159 5258 1220 5313 rire
1235 5259 1368 5328 probitate
1390 5257 1539 5323 contendit,
1567 5269 1664 5314 cavere
1684 5255 1766 5310 debut

138 5345 178 5409 qui
189 5342 365 5418 obiectasset
379 5354 409 5400 ut
423 5347 564 5418 episcopos
576 5349 704 5403 tinitimos
718 5350 881 5419 interpellet,
897 5356 925 5403 et
978 5364 1013 5404 ue
1028 5349 1078 5403 lroc
1103 5347 1258 5418 praejudicio
1284 5347 1427 5417 impeditus
1442 5344 1586 5415 peruenire
1599 5359 1652 5400 uon
1668 5346 1764 5413 possit.

135 5431 467 5506 eausar·jusaudiatur,ac
479 5436 632 5509 diligendus
644 5448 783 5505 tractetur,
794 5439 856 5510 qnia
869 5454 923 5493 non
1015 5435 1048 5492 Ut
1061 5439 1082 5491 is
1105 5437 1149 5507 qui
1168 5437 1272 5492 viduam
1287 5436 1349 5491 licet
1371 5435 1453 5489 laicos
1473 5432 1549 5488 duxit
1569 5447 1690 5501 uxtrretu,
1707 5435 1764 5493 sira

168 5621 182 5650 ⁸
198 5611 228 5668 ln
249 5613 348 5672 Codice
364 5618 475 5689 Dionys,
488 5617 575 5691 eng,
595 5633 655 5691 pag.
673 5621 735 5691 115,
756 5630 918 5688 irremotutor,
935 5621 980 5678 scd
993 5638 1140 5693 perperam.
