3810 6128
131 243 184 300 dil
625 237 837 295 DEFENSORlS
856 235 1123 295 locutiacense
1141 237 1291 296 boussut
1714 234 1770 293 did

28 399 31 405 .
133 370 220 423 rores,
236 360 285 409 aut
298 359 414 423 patrem,
429 358 477 406 aut
490 356 615 415 matrem,
631 356 678 404 aut
689 355 875 417 uxorem,aut
890 347 963 410 Μ
1011 348 1097 407 lilecti
1108 349 1232 408 enimsie
1246 349 1364 408 adbona
1383 346 1551 417 tonduntut
1566 343 1602 405 ad
1620 347 1692 406 ntsla
1705 363 1772 422 per·

135 447 198 511 iios,
212 453 260 501 ant
270 443 347 510 dlias,
358 451 404 499 ant
414 456 504 513 apros,
518 449 630 512 propter
639 455 740 497 nomeu
752 455 854 507 meum,
865 454 929 496 cen·
980 441 1111 513 petranda
1125 458 1179 499 uon
1193 441 1324 498 recidant.

137 539 242 611 tupium
255 537 381 610 accipiet,
391 535 509 605 stultam
519 543 649 589 aeternam
661 531 810 604 possidebit
819 530 927 604 (lintri.
1017 532 1068 600 Qui
1082 541 1173 590 autem
1187 535 1261 606 qood
1283 534 1362 604 plene
1386 542 1476 605 potest
1496 548 1589 605 spere,
1609 536 1667 608 aqit
1679 534 1776 609 pinse,

138 635 207 702 ω),
982 623 1055 694 quod
1070 623 1140 687 bens
1152 624 1285 696 promisit,
1299 624 1426 696 accipiet.

481 731 592 773 erutus.
1017 713 1099 769 blulta
1112 714 1272 787 relinquitis,
1287 715 1310 770 si
1323 713 1464 771 desideriis
1474 715 1646 772 renuntiatis.
1663 783 1670 794 .

177 809 265 864 Nolite
279 806 441 864 coniormari
467 806 529 862 buie
542 807 653 872 saecu'o,
677 806 724 862 sed
747 803 932 862 reformamini
1018 803 1157 861 Exteriora
1171 805 1272 861 etenim
1285 812 1378 862 nostra
1392 804 1526 877 nomino,
1541 807 1693 877 quamlibet
1713 822 1779 879 par·

141 900 169 953 in
184 899 304 954 novitate
319 912 414 954 sensus
427 898 520 965 vestri,
537 905 566 953 ut
579 895 701 969 probetis
713 909 773 966 qum
785 895 821 951 sit
835 894 931 950 volun·

142 999 184 1045 tas
195 988 242 1045 liei
255 988 336 1055 buna,
351 997 378 1044 et
392 989 460 1044 bene
471 988 591 1060 placens,
602 996 630 1044 et
640 985 757 1058 perlecta
768 985 857 1058 (Rom.
871 983 930 1058 su).

178 1081 228 1148 Qui
256 1087 367 1135 utuutur
385 1080 437 1136 boc
458 1077 569 1147 mundo,
593 1087 719 1148 tanquam
746 1093 800 1134 non
825 1087 934 1134 utantur

144 1174 182 1247 (l.
196 1172 257 1231 Cor.
272 1175 332 1246 ιιι).

482 1277 603 1319 ircosus.

180 1354 340 1427 Quicunque
351 1369 417 1420 erro
429 1355 543 1410 voluerit
554 1368 613 1409 esse
628 1354 729 1408 anticus
743 1354 822 1424 bupus
832 1353 934 1420 seculi,

144 1443 269 1501 inimicus
281 1445 327 1501 bet
338 1445 518 1502 coustituetur
531 1443 634 1516 (Jacob.
650 1445 700 1515 rr).

474 1572 595 1613 suenrus

182 1646 348 1702 Convertere
360 1647 394 1703 ud
410 1646 563 1714 Dominum,
579 1657 605 1702 et
620 1647 743 1716 relinque
761 1652 874 1718 peccata
889 1654 934 1701 tua

148 1737 260 1809 (Ecetra.
275 1739 334 1809 ιιι).

349 1885 353 1892 ,
454 1842 624 1884 suousrruus.

187 1915 371 1987 Suntquidaru
395 1916 442 1986 qui
467 1916 571 1972 facilius
591 1917 681 1973 nuituis
704 1933 753 1974 sua
776 1917 939 1990 pauperibus

149 2011 279 2077 tribuunt,
293 2024 373 2079 quarn
390 2018 417 2064 ut
431 2008 482 2081 ipsi
496 2023 629 2080 pauperes
643 2008 691 2065 bet
705 2011 769 2066 siut.

453 2141 626 2183 utsnbtttltls.

184 2239 257 2294 llulti
271 2245 398 2309 percepta
412 2236 534 2291 veritatis
548 2237 609 2302 ria,
625 2239 697 2306 capti
712 2235 804 2292 muli
814 2235 939 2306 vulupta-

151 2329 232 2393 tibus,
245 2326 381 2382 demedio
396 2324 493 2381 itinere
506 2333 689 2381 revertuntur.

186 2416 302 2472 Facilius
314 2417 442 2470 saeculum
454 2429 534 2484 quam
547 2414 876 2485 voluptascontemnitur.

85 2539 88 2543 ‹
187 2508 263 2563 uulsi
275 2507 382 2563 divitias
396 2506 587 2576 relinquentes,
596 2507 661 2562 vitia
676 2522 730 2563 non
739 2507 905 2579 relinquunt.

187 2599 286 2655 italum
300 2597 429 2669 estquod
443 2599 470 2654 in
485 2613 520 2656 eo
533 2599 625 2656 studio
639 2599 786 2666 servimus,
799 2613 854 2670 quo
867 2611 941 2668 quac·

150 2694 203 2748 sita
216 2692 371 2762 quaerimus.

189 2779 377 2853 Unusquisque
396 2782 474 2853 cujus
493 2795 576 2853 opera
600 2779 673 2849 iacit,
686 2783 744 2852 ejus
766 2781 835 2839 lilius
847 2780 943 2854 appui·

153 2876 232 2932 latur.

187 2968 324 3026 Christum
343 2969 420 3041 sequi
442 2970 564 3039 cupiens,
587 2983 611 3024 ιι
641 2968 725 3025 babes
745 2966 774 3023 in
797 2975 941 3039 potestate,

153 3073 211 3114 rem
224 3066 295 3114 tuam
309 3058 413 3125 rende3
430 3074 484 3116 non
499 3061 591 3129 babes,
607 3074 623 3114 a
638 3072 735 3129 magno
746 3074 830 3116 onere
844 3045 980 3118 libera-C

154 3157 247 3205 toses.

191 3241 287 3297 lotum
308 3241 363 3296 beo
376 3240 461 3307 dedit,
477 3243 523 3310 qui
537 3244 656 3312 seipsum
668 3241 777 3298 obtulit.

192 3331 282 3388 Facile
297 3331 447 3388 contemnit
461 3333 535 3400 ritis,
547 3333 593 3404 qui
608 3348 637 3388 re
647 3347 754 3406 semper
768 3333 870 3404 cogitat
882 3348 944 3391 nso·

154 3425 279 3479 siturum.

191 3513 242 3581 Qui
256 3515 314 3570 vult
328 3529 389 3572 esse
412 3516 560 3586 perlectus,
586 3517 771 3574 multitudines
793 3516 941 3586 nominum,

155 3606 242 3665 olida
252 3617 281 3664 et
293 3608 478 3676 salutationes,
494 3617 523 3665 et
543 3608 665 3666 conuiuia
686 3610 762 3679 quasi
776 3618 887 3667 catenas
899 3609 944 3667 iu·

156 3699 398 3772 gistroluptatum.

194 3788 301 3846 Utinam
320 3789 396 3860 quod
417 3792 603 3848 renuntiamus
625 3790 740 3857 scenio,
752 3792 876 3864 voluptas
896 3792 943 3858 sit,

156 3895 210 3935 trun
226 3879 380 3936 necmeitas.

192 3969 296 4025 Nudum
316 3970 461 4039 Cbrbtum,
474 3971 573 4027 nudam
596 3985 703 4028 erucem
723 3971 831 4036 Christi,
858 3971 945 4029 nudus

157 4075 281 4129 sequere.
634 4065 637 4071 '

193 4151 322 4208 Dominus
336 4166 422 4222 magus
434 4154 530 4225 quaerit
553 4154 658 4213 animas
677 4154 846 4213 credentium
861 4170 944 4227 quarn

157 4255 232 4313 opes.

234 4338 237 4342 ’
471 4349 623 4392 ruinosius.

74 4417 78 4439 ¹
194 4422 244 4488 Qui
257 4423 315 4476 ruit
327 4421 412 4478 Deum
426 4425 574 4494 pominus,
587 4427 724 4482 renuntiet
738 4426 850 4493 mondo,
870 4436 900 4483 ot
909 4429 945 4484 sit

159 4509 198 4564 illi
212 4511 282 4566 bens
296 4512 375 4568 beata
391 4513 537 4583 possessio.

193 4599 285 4657 lsnou
299 4603 437 4659 renuntiat
451 4603 562 4671 mundo,
576 4618 655 4674 quem
668 4613 784 4663 terrenae
797 4607 946 4680 possessio·

159 4690 200 4745 uis
214 4690 330 4748 delectat
343 4693 464 4750 ambitio.

194 4779 262 4834 burn
283 4795 332 4836 sus
346 4783 461 4853 quisque
483 4799 537 4841 nou
570 4787 715 4857 relinquit,
731 4788 850 4859 mundo,
868 4788 946 4863 cnjus

159 4871 229 4928 bona
244 4872 354 4937 retinet,
367 4875 460 4930 seruit.

473 5002 628 5046 trecentus.

982 913 1025 963 ra,
1039 895 1186 954 sufficiunt.

1018 991 1072 1048 Gor
1089 1007 1215 1061 namque,
1237 998 1266 1049 et
1289 1008 1344 1048 non
1366 992 1556 1059 substantiam,
1580 1000 1701 1066 pensat:
1726 1008 1780 1052 sse

984 1085 1127 1157 perpendit
1139 1092 1269 1157 quantum
1282 1085 1310 1141 iu
1325 1083 1384 1155 ejus
1398 1083 1548 1150 saeriuotn,
1563 1085 1610 1142 sed
1625 1096 1654 1142 et
1666 1085 1781 1157 quando

984 1176 1122 1234 offeratur.

1021 1262 1142 1342 lleqnuu'r
1160 1271 1206 1327 Dei
1218 1279 1322 1327 tanturn
1336 1270 1423 1339 vaiet,
1434 1277 1565 1340 qnantum
1579 1269 1676 1327 babes.

1022 1363 1095 1431 Quos
1108 1364 1179 1420 bens
1190 1364 1237 1420 diu
1252 1371 1281 1418 ut
1290 1369 1492 1427 convertantur,
1508 1361 1626 1426 tolerat,
1641 1373 1697 1416 non
1712 1373 1781 1417 oon-

986 1469 1079 1510 versos
1093 1453 1186 1510 durius
1198 1453 1320 1508 damnat.

1021 1547 1151 1620 umoris,
1178 1560 1238 1617 quae
1259 1546 1293 1602 ad
1318 1551 1460 1615 peccatum
1482 1543 1641 1614 implicent,
1664 1542 1700 1598 ad
1727 1543 1782 1599 buc

987 1654 1099 1697 necmse
1120 1646 1183 1704 est,
1198 1646 1229 1695 ut
1248 1652 1297 1710 per
1323 1636 1528 1694 conversionem
1553 1635 1660 1693 animus
1686 1648 1784 1692 recor·

989 1739 1041 1788 rai.

1025 1821 1201 1878 Laboriosum
1222 1833 1277 1876 nnn
1297 1825 1340 1876 est
1354 1815 1458 1872 bomini
1471 1815 1625 1885 relinquere
1643 1827 1711 1881 sus,
1732 1810 1784 1870 sed

989 1911 1067 1968 valde
1081 1910 1246 1969 laboriosum
1260 1915 1303 1965 est
1321 1907 1474 1977 relinquere
1488 1904 1673 1976 semetipsum.

1024 2003 1111 2060 ilium
1131 2003 1232 2075 quippe
1253 2010 1297 2058 est
1321 2001 1455 2071 abnegare
1480 1997 1553 2070 quod
1572 1996 1675 2068 babet,
1699 1995 1783 2056 saitis

989 2097 1060 2155 euim
1074 2095 1186 2152 multum
1200 2104 1243 2152 est
1256 2096 1391 2165 obuersus
1405 2092 1479 2164 quod
1493 2099 1545 2149 est.

1024 2185 1094 2243 Nibil
1114 2185 1225 2258 prodest
1249 2186 1329 2242 nobis
1352 2182 1553 2240 abrenuntiatio
1577 2181 1702 2253 corporis
1721 2178 1786 2241 sins

990 2279 1223 2338 abrenuntiatione
1235 2277 1343 2336 mentis.

1024 2372 1094 2429 Sunt
1119 2370 1241 2428 nonnulii
1264 2370 1327 2442 qni,
1350 2367 1487 2440 despectis
1511 2365 1602 2424 carnis
1622 2365 1789 2435 desiderit,

991 2471 1088 2521 cuncta
1106 2461 1259 2533 relinquere
1278 2466 1463 2533 pertractant;
1475 2456 1523 2515 sed
1535 2473 1598 2514 curn
1613 2455 1747 2514 cecidisse
1757 2463 1789 2512 st

991 2553 1058 2610 alios
1070 2560 1132 2624 post
1145 2552 1209 2608 boni
1233 2551 1324 2622 operis
1344 2550 1419 2606 initia
1431 2548 1611 2620 conspiciunt,
1624 2548 1677 2605 boc
1695 2547 1791 2620 ipsu

991 2645 1080 2704 iacere
1092 2646 1166 2718 qnod
1179 2645 1394 2704 deliberaverunt
1407 2642 1611 2715 pertimescunt.

1325 2748 1452 2790 ussurus.

1027 2830 1100 2886 Nulli
1111 2827 1222 2884 studeas
1236 2825 1345 2897 placere
1358 2825 1386 2881 in
1396 2825 1452 2879 rita
1462 2833 1519 2889 tua,
1536 2824 1588 2879 nist
1601 2820 1654 2878 soli
1664 2820 1734 2879 beo.

1027 2919 1184 2977 sicutenim
1196 2920 1241 2988 qui
1255 2915 1371 2972 militant
1385 2915 1441 2986 regi
1456 2923 1577 2982 terreno,
1592 2911 1793 2982 omnibosist·

994 3012 1031 3068 sis
1045 3011 1104 3081 eius
1127 3007 1272 3077 obediunt,
1285 3006 1325 3064 sic
1347 3013 1375 3061 et
1393 3004 1439 3075 qui
1454 3003 1570 3061 militant
1593 3002 1652 3074 regi
1669 3002 1793 3072 coleti,

995 3102 1093 3159 debent
1104 3099 1242 3158 custodire
1253 3107 1386 3169 precepta
1399 3097 1531 3155 coelestia.

1029 3193 1105 3248 lliles
1120 3200 1242 3247 terrenus
1256 3197 1350 3246 contra
1370 3187 1477 3245 bostem
1491 3186 1624 3244 risibilem
1642 3187 1737 3256 pettit
1753 3184 1794 3245 ad

994 3283 1103 3340 bellum.
1701 3330 1703 3334 ,

1030 3372 1129 3430 Tecum
1145 3388 1209 3429 vero
1228 3372 1313 3430 bostis
1334 3369 1474 3428 invisibilis
1486 3369 1607 3442 quotidie
1629 3367 1793 3429 mutando

996 3479 1049 3519 nou
1063 3462 1171 3519 desinit.

1320 3568 1448 3609 rsroosus.

1029 3646 1146 3704 Necesse
1157 3654 1199 3703 est
1213 3645 1285 3701 omni
1300 3658 1432 3701 conuerso
1453 3650 1483 3698 ut
1497 3650 1559 3712 post
1582 3641 1708 3697 umorem
1720 3657 1792 3698 con·

994 3750 1106 3806 surgere
1120 3734 1155 3791 ad
1179 3735 1338 3791 charitatem
1360 3733 1409 3790 Dei
1431 3731 1529 3788 debeat
1542 3730 1620 3802 quasi
1636 3729 1725 3800 lilius,
1738 3747 1793 3791 nec

994 3840 1101 3896 serupcr
1110 3824 1161 3880 sub
1172 3823 1267 3880 timore
1278 3820 1379 3891 jaceat,
1393 3821 1471 3891 quasi
1484 3836 1588 3877 servus.

1031 3916 1179 3973 Primordia
1208 3929 1399 3972 conversorum
1421 3913 1526 3970 blandis
1548 3912 1695 3970 refovenda
1723 3922 1792 3971 seut

995 4007 1098 4073 modis,
1115 4021 1150 4064 ne
1172 4005 1194 4062 si
1218 4004 1253 4062 ab
1275 4004 1420 4077 asperitate
1446 4003 1589 4074 incipiunt,
1604 4004 1730 4061 exterriti
1754 4005 1792 4063 ad

996 4101 1099 4173 priores
1111 4097 1201 4169 lapsus
1214 4095 1368 4153 decmrant.

1032 4191 1082 4260 Qui
1097 4203 1257 4246 corruersum
1283 4187 1343 4243 sine
1360 4185 1474 4242 lenitate
1499 4184 1599 4252 emdit,
1623 4197 1792 4256 exasperare

996 4285 1084 4354 potius
1097 4294 1178 4351 quam
1191 4278 1328 4346 corrigere
1338 4275 1422 4331 novit.

959 4398 985 4459 D
1032 4370 1159 4427 llleenim
1180 4366 1317 4439 periectos
1330 4374 1371 4422 cst
1392 4366 1439 4436 qui
1462 4365 1525 4423 buic
1540 4364 1640 4424 seculo
1661 4364 1792 4425 cordeei

995 4475 1109 4532 corpore
1122 4457 1257 4531 perlectus
1271 4466 1321 4513 est.

997 4596 1004 4615 ,
1029 4551 1105 4607 liniti
1119 4550 1189 4606 enim
1205 4557 1266 4620 post
1281 4547 1487 4605 consessionem
1499 4547 1582 4604 etiam
1592 4545 1717 4604 nolentes
1730 4563 1791 4605 nao-

995 4748 1049 4789 non
1065 4732 1189 4797 tolerant,
1203 4731 1251 4788 sed
1265 4730 1299 4785 ad
1314 4729 1510 4800 probationem.

1032 4823 1103 4880 Utile
1124 4830 1166 4879 est
1189 4821 1236 4878 liei
1264 4836 1343 4878 serto
1363 4827 1425 4895 post
1446 4820 1650 4878 conversionem
1674 4822 1789 4891 tentari,

995 4926 1127 4988 quatenus
1142 4930 1157 4969 a
1172 4911 1469 4984 torporenegliqentim,
1480 4912 1690 4970 sollicitantibus
1703 4915 1789 4982 uitiis,

995 5006 1030 5065 ad
1043 5007 1155 5062 virtutes
1165 5004 1282 5060 arrimam
1308 5017 1358 5074 per
1371 5002 1529 5059 exercitium
1553 5011 1690 5072 praeparet
1706 5003 1790 5062 uitio·

192 5097 242 5165 Qui
257 5096 374 5155 coelestis
387 5097 449 5154 rita
462 5098 643 5167 dulcedinem,
666 5102 837 5175 inquantum
857 5106 944 5175 pum·
995 5113 1064 5156 roro.

156 5187 246 5244 bilitas
260 5186 386 5255 admittit,
401 5188 521 5261 perfecte
535 5192 700 5261 cognoverit,
710 5207 811 5263 eaque
824 5194 851 5250 in
865 5195 945 5253 terris

157 5287 303 5345 notaverat,
318 5277 433 5336 libenter
443 5285 543 5337 cuncta
555 5281 694 5355 relinquit.

1031 5188 1068 5244 Ea
1083 5203 1142 5260 quoe
1153 5187 1241 5243 seculi
1256 5185 1422 5242 antatnribus
1435 5185 1516 5242 cbara
1525 5193 1596 5252 sont,
1612 5186 1700 5243 uncti
1714 5187 1792 5246 velot

996 5282 1107 5335 aduersa
1121 5279 1266 5348 refugiunt,
1282 5277 1396 5349 plusque
1409 5274 1615 5332 adversitatibus
1634 5276 1728 5333 mnndi
1742 5277 1791 5334 ds·

191 5367 316 5438 Quisquis
327 5367 407 5440 igitur
417 5368 473 5440 jam
487 5377 614 5426 auream
629 5372 709 5428 sitam
720 5373 859 5444 cognorit,
875 5375 945 5447 apud
996 5373 1128 5430 lcctmuur
1141 5385 1221 5443 quarn
1232 5368 1456 5441 prosperitatibus
1468 5368 1613 5441 candeant.

157 5456 214 5524 eius
228 5460 346 5515 animum
361 5459 524 5531 temporales
537 5458 641 5520 boetus
650 5461 792 5520 silescunt.

1030 5463 1122 5518 Seruis
1134 5459 1182 5516 bet
1195 5469 1292 5516 cuncta
1309 5459 1388 5529 buius
1404 5457 1496 5515 mundi
1511 5457 1648 5516 contraria
1662 5465 1744 5527 sunt,
1759 5464 1792 5517 nl

192 5546 289 5615 Terqnt
302 5561 367 5616 erqo
379 5548 474 5608 sordes
488 5551 563 5622 prati
576 5552 676 5622 operis,
692 5554 737 5626 qui
762 5554 818 5613 neo
839 5571 944 5628 prusps-
995 5558 1059 5612 uum
1075 5554 1125 5609 ista
1139 5552 1250 5608 adversa
1263 5552 1393 5620 sentiunt,
1401 5552 1434 5610 ad
1445 5551 1555 5610 coelmte
1565 5549 1732 5611 desiderium
1742 5563 1792 5615 ts·

160 5635 317 5694 rotdomum
333 5642 440 5698 ruentis.

996 5647 1101 5705 derrtius
1115 5645 1261 5716 erigantur,

1797 5745 1806 5778 l
