3810 6128
210 274 264 335 &ld

587 277 748 333 rsuuuru
770 275 847 332 nou.
868 274 972 332 casu.
994 275 1191 336 rouruuutt
1209 280 1350 338 ursuuu
1371 266 1457 338 raus
1476 283 1495 337 t.

1781 290 1836 349 526

243 394 305 447 ritu
328 407 433 447 amtssre
456 403 482 448 et
496 391 613 461 pudoris.
639 392 777 443 llostrerao
791 389 916 458 exemplo
940 386 992 444 lob
1008 396 1030 453 Α
1045 403 1157 448 mortem
1172 393 1292 460 distulis,
1315 410 1368 450 uon
1381 398 1508 452 mutarit:
1536 398 1587 454 lmc
1610 401 1760 468 patriarcba
1776 421 1831 462 neu

241 473 269 517 et
283 463 389 518 llaridis
403 465 491 526 docet,
506 477 596 514 erasum
613 461 683 514 liutto
698 460 802 513 lortiter
816 474 847 513 ac
861 461 992 529 patienter

244 534 409 587 tolerandum
423 546 503 592 esse,
519 534 665 599 presertim
681 544 741 583 cum
758 529 845 596 puella
870 544 884 580 a
902 538 990 583 terre·

242 604 343 658 uiribus
355 602 452 670 nuptiis
464 603 496 653 ad
512 603 651 663 roelestes,
666 598 761 667 qulbus
780 601 848 652 loric
863 597 990 660 inltiabat,

215 723 217 728 .
241 681 316 740 rapsa
330 671 408 726 lucris
418 681 447 725 es
460 681 610 736 assumpta,
624 684 683 722 cum
695 668 803 725 Cbristo
821 671 848 723 lu
869 683 991 724 resurre-

241 744 330 797 ctione
345 751 510 796 motluurutn
524 737 692 810 regnatura]

241 858 312 912 luter
325 857 446 909 bumanse
456 853 617 909 conditionis
630 852 800 922 subrepentia
814 851 890 925 illa,
904 851 992 906 subri-

204 945 323 1017 pientia]
340 947 465 1011 uulnera,
489 959 550 1015 quse
561 958 668 1011 semper
690 945 794 997 iurerto
816 944 924 996 tramite
937 955 983 995 uu-

204 1039 315 1095 taotium
335 1039 486 1105 animorum
502 1051 532 1089 ac
551 1035 695 1089 labentium
711 1043 860 1100 temporum
876 1032 992 1087 reddtmt

203 1147 264 1191 vom
280 1142 420 1204 suspecta,
437 1131 503 1186 nibil
517 1138 559 1185 est
584 1130 611 1183 iu
624 1129 714 1195 aliquo
730 1128 815 1197 magis
827 1167 834 1191 ,
846 1125 915 1195 quod
929 1141 991 1180 eru·

202 1229 264 1293 ciet,
288 1239 367 1296 quam
381 1236 542 1294 quemquam
564 1227 610 1274 out
623 1235 675 1272 nou
690 1218 781 1273 ridere
802 1218 873 1286 quod
884 1218 990 1284 cupiat,

202 1327 248 1372 aut
262 1318 351 1371 ridete
364 1315 435 1384 quod
452 1313 554 1382 perdat.
578 1312 644 1365 llutu
661 1309 738 1383 lile,
754 1306 842 1378 Curru]
856 1309 991 1376 trepidans

202 1413 305 1464 artliuus
320 1410 345 1462 iu
360 1418 492 1475 utroque,
513 1420 567 1459 nou
591 1404 697 1458 modico
719 1403 769 1457 sub
783 1403 853 1456 lusce
865 1417 990 1457 sticcunt-

202 1501 256 1564 tm,
271 1501 334 1554 dum
346 1498 476 1566 pendulus
495 1504 599 1562 special
619 1493 749 1548 diuturne
768 1501 780 1527 ⁸
796 1492 866 1561 quod
880 1492 990 1556 lrabeat,

1044 484 1140 549 renuit,
1159 483 1227 540 bane
1240 484 1323 554 legem
1338 487 1431 558 legiler
1444 503 1496 543 nou
1511 491 1627 557 avertit,
1643 494 1773 560 propbeta
1783 510 1832 554 stt·

1042 575 1149 636 stiuuit,
1167 584 1194 630 er
1208 578 1267 644 plus
1280 592 1357 648 quam
1371 580 1499 649 propbeta
1514 583 1662 637 succubuit.
1681 587 1747 640 Sara
1764 603 1833 654 quo·

1042 680 1104 734 que,
1120 666 1252 731 Rebecca,
1267 669 1383 736 llacbel,
1398 672 1489 736 Anna,
1506 673 1657 741 Elisabeth,
1673 678 1732 733 lieet
1745 694 1831 734 rerrtr

1042 757 1170 818 inferior,
1191 768 1277 813 tarueu
1291 759 1342 815 itus
1356 761 1435 815 simul
1456 763 1521 817 bibit
1536 779 1666 821 aurarum.
1680 766 1745 834 Quis
1758 784 1831 823 cou-

1042 861 1169 917 queratur
1182 852 1216 907 de
1229 854 1339 922 reliquis
1351 895 1359 921 ,
1373 869 1434 909 cum
1453 858 1511 924 ipse
1535 857 1712 926 triumpbator
1734 863 1830 916 utonis

1044 958 1092 1010 pro
1105 953 1194 1012 parte,
1205 941 1262 1013 ¹qua
1278 961 1341 1000 caro
1366 949 1450 1001 lactus
1462 959 1523 1014 est,
1538 959 1565 1003 et
1584 951 1663 1005 morti
1688 951 1830 1021 subjectus

1041 1037 1104 1090 esti
1126 1037 1181 1093 Nee
1204 1037 1292 1094 luerat
1310 1039 1405 1107 plenus
1426 1040 1520 1103 Ιιοιιιο,
1544 1041 1565 1093 si
1583 1053 1635 1094 riou
1658 1044 1786 1097 tersisset
1801 1053 1830 1097 et

1042 1129 1188 1194 tumulum;
1204 1144 1254 1183 nec
1270 1129 1341 1185 Deus
1351 1130 1508 1184 crederetur
1519 1170 1529 1195 ,
1542 1131 1591 1184 uisi
1605 1142 1725 1201 surgeret
1736 1133 1770 1187 de
1781 1148 1828 1188 se·

1043 1217 1152 1285 pulcro,
1174 1221 1234 1274 bine
1249 1229 1291 1275 cst
1311 1220 1382 1289 quod
1397 1220 1508 1288 loquer,
1523 1220 1679 1277 charissime
1691 1262 1700 1289 ,
1713 1231 1741 1278 ei
1755 1222 1827 1279 tttteb

1043 1309 1214 1383 [dlr.,ddel
1230 1311 1379 1367 delictionis
1394 1312 1458 1366 nubi
1479 1323 1540 1365 soro
1552 1327 1688 1378 sonuere,
1711 1330 1744 1368 eo
1755 1317 1828 1383 qaod

1042 1411 1100 1457 tuos
1116 1417 1165 1472 per
1174 1405 1279 1473 aspices
1291 1415 1362 1458 nata
1375 1416 1476 1458 sanctae
1490 1406 1629 1458 transitum
1642 1407 1828 1477 eriuqueraris,

1042 1496 1086 1548 tir
1101 1495 1216 1564 singultu
1229 1508 1370 1564 rumpente
1389 1495 1512 1550 indicans
1526 1497 1630 1550 calamo
1646 1498 1713 1551 tristi
1724 1498 1826 1551 decen·

202 1602 238 1655 et,
249 1599 278 1645 ut
293 1590 391 1645 babere
401 1588 523 1656 coeperit,
538 1600 601 1639 mor
616 1586 727 1638 amittat
739 1600 746 1649 ;
757 1584 860 1638 scilicet
873 1583 991 1640 albretus
1041 1586 1110 1640 nalis
1125 1587 1211 1642 etatis
1226 1586 1345 1641 irruente
1356 1586 1458 1649 luiterc,
1475 1587 1620 1655 pubertatis
1636 1597 1734 1642 teneres
1753 1586 1761 1625 ἰ
1776 1588 1828 1642 llo·

201 1681 286 1736 donee
299 1680 441 1747 impetret,
462 1677 544 1732 elisus
564 1675 587 1729 si
600 1675 712 1744 perdat,
738 1673 785 1729 sed
810 1675 917 1742 parius
938 1673 989 1728 boc
1042 1677 1143 1732 sculum
1166 1677 1332 1743 marcuisse,
1355 1694 1415 1733 eum
1436 1693 1503 1746 pene
1527 1679 1636 1746 nupsisti
1661 1691 1772 1734 retracta
1791 1683 1826 1736 de

199 1772 287 1842 paculo
300 1784 344 1824 res
359 1769 403 1823 illa
417 1767 571 1836 percellitur
586 1764 610 1831 b,
627 1781 687 1821 cunt
703 1765 772 1818 inter
784 1779 859 1833 spem
872 1765 912 1818 rel
927 1779 986 1831 spe·
1002 1741 1025 1801 Β
1040 1768 1132 1824 liuline
1144 1809 1152 1833 ,
1166 1784 1219 1823 non
1231 1771 1264 1824 ud
1280 1773 1361 1838 patris
1376 1781 1466 1824 sotum
1482 1772 1599 1825 tltalamu
1611 1773 1707 1837 datur,
1722 1774 1769 1827 sed
1783 1781 1824 1827 tu·

199 1871 255 1917 rota
277 1861 357 1915 debet
379 1859 517 1923 amittere;
543 1867 623 1924 atque
647 1858 682 1910 ita
708 1857 761 1911 illic
784 1870 847 1924 spes
872 1856 988 1909 tenditur

200 1950 286 2023 ille,
302 1949 418 2018 tenetur}
434 1948 477 2002 ltic
489 1950 647 2011 damnatur;
661 1945 716 1999 illic
730 1946 825 2000 dubius
839 1959 940 2000 moeror
953 1960 987 1997 an

199 2042 307 2107 lmltert,
323 2039 620 2102 trasemundum,
636 2039 658 2094 si
672 2037 818 2104 relinqunt.
840 2037 925 2091 liabet
938 2036 987 2090 ltus

199 2135 308 2189 insitum
324 2142 430 2195 natura,
447 2131 669 2200 praearteauoue
683 2129 838 2198 protoplasti
854 2129 986 2194 pareatis,

198 2227 231 2281 ad
247 2241 296 2279 uos
308 2225 420 2278 decursa
435 2237 522 2277 morte
535 2224 658 2284 multata,
674 2230 704 2275 ιιι
717 2236 788 2290 saepe
798 2222 869 2291 quod
883 2223 925 2275 uir
941 2236 986 2275 ac-

197 2315 313 2386 quiritur
326 2309 387 2369 mor
403 2313 548 2381 linquatur,
562 2322 589 2368 et
605 2311 739 2381 serpentis
759 2312 897 2366 inveterati
907 2312 987 2366 dente

199 2405 318 2460 radicem
340 2404 378 2458 sic
394 2405 527 2472 perculit,
551 2415 578 2456 ut
593 2418 642 2456 uec
655 2403 736 2456 arbor
759 2405 880 2468 steteris,
894 2403 944 2456 nisi
959 2402 985 2457 iu

199 2497 293 2552 mortis
307 2495 391 2564 stirpe
405 2498 456 2550 llxa
472 2497 553 2552 visat.
567 2495 637 2548 llisit
651 2495 701 2550 boc
715 2494 829 2563 posteris
844 2495 986 2549 itureditas

199 2587 355 2659 parentalis,
372 2598 399 2641 ut
417 2587 586 2655 subjacentes
614 2586 704 2650 morti,
731 2601 883 2655 queramus
897 2587 986 2642 risere

198 2680 335 2739 moriutri:
353 2679 514 2734 ruinillsasit
536 2688 647 2733 cunctos
674 2676 788 2733 infelicis
811 2677 915 2732 arboris
938 2692 985 2731 ac-

1040 1861 1131 1926 mulo,
1146 1869 1174 1916 et
1186 1860 1294 1916 diuerso
1309 1864 1414 1917 cantico
1436 1877 1487 1916 nou
1504 1872 1562 1916 soro
1576 1865 1705 1928 traditur,
1719 1864 1765 1919 sed
1780 1879 1824 1918 su·

1039 1951 1150 2019 pulcro:
1174 1951 1207 2006 ad
1230 1952 1307 2020 cuijus
1330 1952 1398 2008 loris
1420 1964 1481 2007 sitta
1500 1954 1554 2023 jam
1580 1953 1708 2009 lestinaus
1722 1953 1821 2010 turritis

1039 2042 1180 2112 lerrebat,
1202 2044 1294 2099 sedrrla
1326 2047 1463 2111 parentela
1486 2048 1652 2101 excitabatur
1680 2057 1705 2100 et
1727 2050 1821 2117 patria.

1039 2133 1123 2188 linter
1135 2144 1193 2188 erat
1208 2150 1287 2203 prece
1302 2151 1445 2203 sttspeusa,
1461 2140 1516 2207 ipsa
1530 2139 1758 2208 assurgebatcura
1771 2154 1823 2192 au·

1039 2227 1128 2288 tricis,
1151 2223 1241 2294 jurleta
1256 2225 1388 2294 pubertati
1403 2242 1480 2280 rosea
1504 2226 1652 2293 modestia,
1677 2235 1705 2280 rt
1728 2227 1824 2281 lestira

1038 2323 1095 2370 arte
1103 2317 1144 2369 sui
1156 2331 1236 2371 sexus
1247 2327 1339 2370 ortiata
1351 2333 1358 2382 ;
1370 2317 1417 2370 sed
1428 2333 1481 2386 quo
1494 2319 1613 2387 merapir
1623 2315 1716 2372 lurtuae
1726 2317 1819 2383 ducar.

1037 2406 1189 2475 rependere
1203 2416 1255 2460 tarn
1271 2410 1324 2461 cito
1339 2407 1434 2475 lttqar,
1451 2425 1529 2475 quam
1544 2423 1606 2463 caro
1619 2409 1743 2476 mendax,
1759 2395 1821 2466 euru

1037 2496 1169 2550 defuncte
1181 2496 1205 2551 si
1219 2496 1376 2565 predicetur
1389 2497 1491 2566 pluria,
1514 2509 1666 2552 accrescant
1681 2499 1822 2554 lamental

1037 2583 1158 2640 Habuisti
1173 2587 1252 2655 igitur
1275 2586 1343 2642 istud
1365 2596 1456 2656 pater,
1471 2587 1516 2640 sed
1529 2601 1580 2641 nou
1593 2595 1687 2653 tuum;
1703 2586 1712 2639 i
1729 2589 1821 2644 reddi·

1036 2675 1097 2730 dissi
1112 2679 1198 2745 potius
1211 2677 1429 2733 commodatum:
1455 2679 1573 2745 pltuatur
1587 2681 1661 2734 velut
1679 2681 1820 2746 amimam,

1035 2767 1082 2822 sed
1098 2767 1281 2822 consideretur
1305 2783 1357 2821 nou
1372 2767 1525 2836 perditum,
1546 2770 1616 2838 quod
1638 2769 1671 2822 atl
1685 2768 1822 2824 Cbristata

1036 2855 1104 2912 redit
1115 2857 1255 2911 iniectum.
1281 2855 1322 2911 Αιι
1340 2870 1414 2913 cerie
1432 2858 1624 2928 critquercris,
1645 2858 1721 2929 quasi
1745 2861 1823 2916 solur

199 2773 298 2841 quisita
325 2772 478 2842 possessio,
504 2785 563 2838 qum
589 2769 784 2824 blandientibus
811 2769 897 2837 porois
920 2769 984 2838 proli

199 2864 272 2933 ptius
294 2863 385 2916 nocuit
406 2877 484 2931 quam
510 2860 630 2914 nutrivit.
645 2869 657 2898 r
673 2859 749 2927 Quod
762 2873 836 2916 certe
849 2859 900 2914 sub
913 2859 984 2928 epuli

197 2955 288 3026 specie
301 2968 374 3008 mors
386 2953 503 3014 intravit,
520 2962 546 3005 ct
562 2952 612 3006 lmc
626 2950 703 3006 lerali
718 2958 790 3005 taem
805 2949 875 3006 laesit
888 2965 984 3019 pereo-
1041 2949 1091 3002 ista
1109 2963 1252 3018 perpessus
1264 2951 1320 3014 sis,
1336 2964 1397 3006 cum
1420 2965 1498 3004 castas
1521 2951 1563 3006 bie
1584 2953 1672 3006 vincat
1684 2961 1712 3005 et
1722 2952 1822 3022 reperi

199 3056 250 3109 tas,
264 3054 290 3100 et
300 3054 422 3116 posteros
436 3044 497 3098 illos
511 3042 524 3080 d
539 3050 647 3111 gustus,
662 3055 712 3095 nos
727 3055 841 3107 strccus,
856 3046 981 3112 quoniam
1037 3041 1077 3092 ilo
1089 3039 1191 3093 lelicior
1211 3039 1352 3108 Augusto?
1377 3041 1471 3095 lortlor
1493 3041 1665 3096 sleraudrol
1688 3041 1823 3097 lustrabi-

197 3137 334 3193 titulentn
346 3134 478 3191 suasionis
493 3135 625 3203 poculum,
634 3132 704 3200 quod
716 3141 791 3201 pater
800 3135 870 3188 male
881 3135 985 3188 sorbuit
1037 3130 1089 3183 lior
1101 3129 1240 3196 Trajauoi
1265 3131 1382 3184 saocsior
1395 3144 1424 3185 es
1438 3131 1610 3186 laeuum-iol
1632 3146 1692 3186 cum
1708 3131 1759 3186 bos
1773 3134 1822 3188 ba·

198 3229 227 3285 in
238 3227 339 3296 prolem
350 3224 503 3289 trausludit,
516 3236 552 3288 et,
570 3233 599 3277 ιιι
609 3223 644 3276 ita
656 3220 985 3289 dictumsitquodaloote
1036 3221 1096 3275 beat
1110 3221 1186 3276 obitu
1205 3224 1307 3291 aequale
1319 3230 1372 3277 tam
1387 3224 1552 3292 milesquam
1567 3223 1698 3294 princeps.
1713 3223 1822 3279 Pallen·

196 3317 359 3382 ntanarit,io
369 3315 429 3370 riso
438 3323 449 3351 ι
458 3312 580 3369 delluiit.
593 3312 684 3368 intulit
694 3313 745 3367 boc
756 3313 887 3380 iqiturilla
900 3325 984 3369 mater
1036 3321 1076 3367 ter
1090 3312 1234 3369 dolendum
1248 3315 1373 3384 estquod
1387 3316 1467 3369 tratres
1479 3330 1621 3370 ctarnurttue
1631 3330 1691 3371 curu
1706 3315 1819 3372 nardo.

196 3409 231 3465 de
245 3422 363 3479 genere,
379 3405 426 3461 red
442 3419 556 3460 nouerca
580 3404 614 3459 tle
627 3403 758 3469 crimine,
774 3403 863 3458 iulelir
880 3404 984 3458 curretis
1033 3404 1150 3469 Quantas
1162 3415 1249 3458 autom
1267 3403 1380 3459 leoninas
1392 3405 1429 3471 ab
1439 3406 1497 3474 ipso
1513 3409 1597 3474 prium
1609 3409 1749 3476 complexu
1762 3421 1815 3462 ra·

198 3499 254 3554 Era
270 3498 408 3564 ntonades,
424 3494 496 3565 quod
510 3503 585 3548 certe
598 3495 654 3548 aula
669 3494 709 3548 sic
721 3494 869 3558 exstruxit,
884 3504 912 3547 ut
922 3494 983 3548 uui·
1036 3497 1116 3550 trarit
1141 3496 1174 3551 ad
1202 3497 1353 3552 tuomluml
1388 3507 1415 3552 et
1439 3500 1605 3566 pertuteuuu
1628 3479 1819 3566 dispendium,

197 3602 274 3644 uersa
294 3590 463 3649 destrueret,
487 3600 541 3653 quo
557 3594 672 3639 reserata
695 3584 891 3640 macltinatiouc
912 3584 984 3639 deci·
1034 3587 1124 3655 aquito
1136 3600 1211 3651 uero,
1226 3602 1279 3640 uon
1295 3585 1404 3641 lrabito:
1421 3603 1481 3655 quaa
1499 3587 1538 3642 bis
1555 3589 1730 3644 lamentante
1742 3598 1819 3654 suns,

202 3681 288 3750 pulos,
303 3680 395 3734 rudem
423 3677 508 3730 sirum
524 3675 663 3746 perderet,
679 3686 706 3730 et
718 3675 774 3744 ipsa
795 3675 902 3743 perires.
929 3675 982 3731 Sed
1034 3689 1110 3732 antea
1124 3678 1253 3748 pudorem
1277 3681 1407 3746 perdere,
1432 3689 1529 3747 etpost
1545 3681 1583 3734 sic
1598 3681 1716 3749 periisse.
1741 3681 1822 3739 Unde

204 3772 293 3842 proles
306 3770 368 3839 quid
381 3768 441 3823 boui
456 3768 548 3830 laciet,
563 3766 585 3820 si
600 3780 629 3820 se
641 3766 667 3818 in
683 3766 841 3820 calumniam
857 3766 897 3819 vel
913 3767 980 3819 mala
1034 3769 1098 3823 licet
1120 3771 1308 3838 conqueraris,
1323 3773 1402 3824 talem
1416 3779 1443 3824 tc
1456 3770 1501 3823 tali
1516 3786 1579 3824 casu
1601 3771 1723 3826 amisisse
1734 3772 1820 3827 sobe·

196 3867 315 3936 parentis
329 3863 535 3920 extendatlaut
549 3870 578 3916 ut
592 3863 664 3916 illurn
681 3863 776 3916 iterum
794 3861 804 3900 ¹
819 3862 984 3916 detraltemlo
1034 3860 1105 3925 lem,
1122 3860 1191 3914 nulli
1204 3871 1291 3914 tamen
1309 3874 1405 3914 norum
1428 3870 1487 3928 est,
1512 3870 1541 3915 ut
1553 3877 1604 3917 uon
1624 3864 1755 3932 potuisses
1767 3865 1820 3918 boc

197 3960 348 4016 remordeat
362 3998 369 4024 ,
385 3960 428 4027 qui
443 3957 524 4011 semel
540 3970 630 4010 morsu
645 3955 775 4024 perierat,
788 3969 848 4010 curu
863 3956 919 4023 ipse
931 3955 981 4008 sibi
1035 3951 1118 4003 uitare
1132 3951 1234 4018 puella,
1252 3952 1322 4019 quod
1336 3953 1407 4004 renit
1430 3965 1477 4020 per
1496 3952 1633 4006 leoninam.
1649 3952 1715 4006 lllud
1727 3952 1820 4022 potius

198 4049 334 4107 rulttceret
348 4063 411 4104 suus
425 4048 536 4116 lapsus,
547 4058 638 4101 noster
659 4046 792 4101 ‹recusurl
818 4046 907 4114 ltaque
922 4060 984 4114 puto
1035 4040 1147 4106 inspice,
1164 4050 1191 4094 ut
1204 4041 1254 4094 ista
1271 4055 1314 4096 res
1326 4040 1426 4095 luocris
1446 4041 1481 4095 sit
1494 4045 1614 4106 rirtmis,
1628 4053 1655 4098 et
1665 4043 1698 4097 ad
1710 4045 1818 4100 illorum

197 4139 393 4209 incongruum,
409 4139 431 4192 si
446 4137 518 4190 illum
535 4145 547 4182 s
563 4135 730 4198 remordero,
748 4148 794 4203 per
808 4149 888 4201 quem
902 4135 983 4202 gratis
1033 4135 1155 4200 erertrpla
1171 4143 1196 4186 te
1211 4146 1333 4201 corque,
1346 4133 1406 4201 qui,
1435 4132 1527 4187 dolore
1549 4135 1636 4198 ricto,
1659 4135 1818 4203 surpunlrd

197 4232 297 4288 invenit
308 4232 430 4301 qratiam,
443 4227 519 4298 cujus
531 4224 544 4263 l
554 4241 651 4280 occasu
667 4225 753 4278 uitalis
766 4225 898 4278 alimouiue
912 4240 984 4278 mors
1035 4222 1159 4290 palmam.
1184 4223 1272 4277 ttabes
1290 4224 1378 4292 itaque
1392 4226 1460 4278 iuter
1476 4227 1524 4278 ista
1542 4223 1675 4293 patientiae
1686 4226 1817 4293 culmina,

196 4323 279 4394 erepit
300 4319 426 4390 depasci:
449 4319 492 4372 cui
506 4317 569 4370 duta
589 4315 727 4370 oculorum
750 4315 853 4381 apertio
869 4315 981 4380 prontis-

1036 4316 1158 4383 primum,
1176 4316 1247 4368 velut
1260 4317 1285 4369 in
1299 4316 1416 4382 specula,
1429 4315 1479 4370 lob
1491 4331 1632 4371 cetrsuram
1643 4330 1668 4373 et
1682 4330 1816 4384 obstruam,

199 4416 274 4477 titur,
289 4412 332 4466 lux
346 4408 469 4479 lugetur,
484 4415 513 4461 et
524 4404 659 4458 divinitate
671 4403 816 4470 promissa,
830 4402 910 4455 boum
923 4402 980 4470 lap·
997 4409 1079 4480 oqui
1094 4421 1141 4474 pro
1156 4406 1216 4460 ltliis
1231 4407 1343 4462 Domino
1357 4407 1396 4461 sic
1409 4410 1507 4477 gratias
1521 4408 1628 4467 retulit.
1653 4417 1780 4475 tauquam
1794 4411 1819 4464 ri

197 4522 247 4564 sus
260 4506 328 4562 redit
346 4504 372 4558 iu
389 4512 503 4565 terram;
527 4499 589 4552 binc
604 4507 645 4552 est
668 4495 737 4561 quod
751 4497 852 4563 prolem
865 4494 980 4562 pertitam

197 4612 298 4654 nocens
312 4609 371 4651 esca
386 4593 466 4648 trarit
490 4593 516 4645 in
532 4589 660 4659 praedam.
684 4587 759 4642 Fecit
783 4587 829 4640 illa
843 4585 981 4654 captivitas

197 4701 248 4742 rtur
260 4685 394 4755 prosperis
403 4681 519 4747 exsules,
535 4677 656 4733 adversis
672 4687 810 4733 consortes
820 4717 828 4742 ,
839 4687 869 4730 et
881 4685 981 4730 tantum

198 4774 376 4846 peregrinatio
397 4773 517 4841 gratior,
544 4779 671 4839 quamam
697 4783 769 4823 mors
793 4767 857 4822 dura
884 4769 981 4822 notior.

197 4865 320 4922 Nascitur
339 4864 371 4917 ab
385 4862 469 4918 Adam
484 4870 576 4915 uetere
591 4859 720 4927 usquead
736 4873 832 4913 norum
849 4857 981 4912 bominem

147 4940 151 4946 ’
201 4959 253 5012 rita
267 4965 356 5010 nostra
370 4968 431 5009 cum
446 4960 542 5007 otorle.
567 4950 633 5004 ilinc
646 4965 675 5004 se
688 4949 813 5003 recalet
832 4949 922 5011 iuuit,
934 4963 983 5002 uec

200 5047 293 5103 buocb
317 5046 428 5115 elluqir,
453 5057 502 5098 nec
521 5042 576 5096 llue
595 5056 626 5095 se
649 5041 797 5104 subtrabit,
820 5043 864 5110 qui
884 5041 983 5094 diluuio

233 5213 248 5243 ⁸
266 5205 293 5260 ln
308 5219 361 5258 uno
376 5201 441 5257 eod.
462 5200 532 5257 Vnt..
546 5209 571 5252 et
586 5208 613 5251 ut
626 5197 727 5262 babeat,
743 5206 767 5250 et
781 5206 808 5249 ut
824 5197 925 5250 ltulere.

232 5271 288 5330 bip
307 5274 406 5339 ultero,
418 5271 485 5342 quud
500 5271 566 5323 iuter
586 5278 700 5338 spectare
722 5272 759 5320 ael
774 5277 886 5336 spectatu
905 5268 982 5320 omit·

194 5353 261 5400 tere.

235 5427 246 5455 ο
263 5414 340 5474 ibid..
355 5412 409 5474 Ore
424 5419 500 5463 certe.
517 5408 577 5472 lls.‚
594 5406 667 5473 Quo.

234 5484 322 5549 llle,
337 5490 444 5551 quatu...
460 5495 543 5532 rucco.

236 5559 249 5590 ⁰
264 5553 292 5605 lu
313 5569 366 5606 unu
380 5550 443 5604 bod.
458 5550 528 5612 vm..
543 5548 575 5600 de
589 5547 659 5616 {ente
682 5546 792 5601 mouerit
813 5546 920 5616 iri-iqua,
937 5546 981 5600 de·

197 5622 281 5694 fluxit.
298 5622 357 5684 ils..
372 5622 400 5672 iu
413 5620 475 5673 riso.

237 5689 246 5730 Ι
265 5692 343 5757 lbid.,
359 5687 514 5743 detrudendo
524 5685 681 5741 demordeat.

1035 4505 1097 4550 tuus
1120 4496 1267 4563 acceperit,
1292 4511 1354 4550 cum
1381 4496 1479 4551 aurisii.
1505 4497 1554 4563 Qui
1579 4498 1816 4564 rirerperieutiae,

1035 4587 1161 4640 uoluntati
1185 4585 1281 4638 dirinae
1305 4586 1413 4638 tradidit
1436 4595 1534 4651 lotum,
1560 4586 1723 4640 accuderel.
1747 4585 1818 4653 Quid

1034 4692 1098 4731 vcro
1112 4676 1218 4731 ilaridl
1240 4677 1314 4731 sortis
1334 4677 1394 4732 licet
1410 4677 1512 4732 Goliam
1534 4676 1698 4742 subdiderit,
1718 4693 1772 4737 non
1787 4693 1820 4734 se

1029 4769 1105 4831 ¹velut
1116 4767 1203 4822 lenum
1216 4768 1289 4822 nutui
1300 4767 1402 4822 coelesti
1413 4767 1563 4832 substravit,
1573 4767 1817 4833 cumltliuamisso,

1034 4861 1113 4923 lavit,
1128 4860 1248 4926 epulatus
1270 4868 1326 4919 est,
1353 4872 1387 4911 ne
1406 4866 1581 4934 repugnaret,
1606 4857 1757 4926 intelligens
1772 4858 1821 4913 uui

1033 4951 1128 5005 cedere
1150 4951 1193 5017 qui
1208 4958 1302 5002 cuncta
1326 4947 1469 5001 lormarlll
1493 4949 1595 5003 Seruus
1618 4948 1704 5001 litlelis
1728 4951 1822 5002 timuit

1034 5042 1160 5094 otteosam
1177 5040 1237 5093 boui
1253 5038 1354 5092 botuuini
1370 5052 1512 5106 provocare
1525 5043 1566 5092 rel
1583 5052 1733 5103 murruure,
1748 5035 1819 5093 ¹¹cui

1070 5195 1123 5247 stu
1141 5194 1244 5249 duobus
1256 5192 1339 5248 court.
1354 5192 1429 5257 Vas,
1441 5210 1602 5258 remensem
1618 5204 1644 5248 et
1663 5202 1754 5260 postea
1771 5208 1821 5261 pro

1034 5268 1113 5333 qratia
1136 5266 1231 5319 iuuertit
1251 5264 1369 5336 prolium.
1393 5263 1440 5316 lla.
1458 5264 1536 5318 babet
1550 5276 1633 5332 preter
1647 5267 1712 5320 retrit
1726 5264 1821 5336 inpra-

1033 5349 1128 5459 mzhlu
1143 5421 1194 5457 uuo
1209 5403 1273 5459 Cod.
1292 5404 1362 5466 Van,
1376 5406 1449 5474 cujus
1464 5404 1609 5459 occusiorre.

1074 5475 1080 5510 ¹
1098 5475 1124 5527 Ιιι
1140 5475 1233 5534 altero.
1249 5475 1356 5540 lloscultt
1370 5473 1518 5528 ntutsuisse.

1072 5545 1078 5594 i
1099 5545 1125 5598 lo
1142 5561 1193 5599 uuo
1214 5544 1280 5599 (lod.
1298 5545 1367 5610 lat,
1395 5544 1525 5607 credidisti
1545 5543 1630 5616 potiar
1653 5542 1827 5606 commenda.

1034 5627 1156 5747 tauhans..
1171 5699 1245 5752 quem
1257 5693 1284 5736 ut
1295 5685 1425 5756 jungeret.
