3810 6128
25 296 28 301 ’
93 305 165 372 ttae
463 305 681 370 ‘nouartoues
703 317 745 370 no
766 305 997 370 a'esraxrnn'rx
1019 313 1138 378 narso,
1160 312 1249 378 auu..
1273 312 1347 366 uae.
1649 311 1717 366 taxo

90 426 199 479 latorum
220 422 382 492 pontelieum
402 422 445 476 rel
457 422 637 487 sacerdotum,
655 421 762 475 aidarrte
776 421 877 474 Sancto
897 421 1006 502 Aralro
1021 437 1113 476 eorum
1128 422 1285 491 privilegio,
1302 423 1334 475 ad
1355 439 1448 492 pacem
1464 433 1582 479 revocet.
1600 423 1664 478 illud
1679 426 1720 480 eis

93 511 207 582 Spiritu,
224 526 303 566 sacro
328 510 488 586 monastirio
507 512 533 564 in
548 526 604 566 rem
625 512 805 590 proprietatis
816 525 881 565 suae
933 525 989 578 pre.
1012 550 1019 563 .
1041 549 1048 564 .
1070 512 1235 566 .auctoritas
1251 522 1341 566 nostre
1357 514 1523 578 pontelicalis
1534 517 1677 581 concessit,
1688 525 1717 571 ut

90 605 121 660 'io
144 604 204 658 loco
220 611 465 672 nuncupante......
486 603 555 658 luia
571 605 628 673 ipso
644 621 720 660 muro
735 620 816 676 super
830 603 881 660 liu·
932 599 1019 652 nullus
1034 599 1067 653 de
1087 602 1288 656 successoribus
1308 603 1416 665 nostris,
1436 619 1485 659 nec
1504 605 1718 676 archidiaconus,

93 696 166 752 vium
192 693 322 761 Leporis,
347 694 373 747 in
396 694 499 750 honore
520 695 749 751 concionatoriae,
775 710 882 766 ganipae
932 703 982 742 uec
997 689 1211 754 vioemdomioi,
1227 705 1276 746 nec
1291 691 1364 746 missi
1379 694 1469 748 clerici
1484 695 1524 749 rel
1544 695 1602 751 laici
1616 696 1719 751 discur-

95 787 204 856 rirgiois
216 785 257 840 vel
269 797 421 841 ceterorum
436 792 592 841 sanctorum
607 802 655 841 suo
671 784 882 855 opereacditics·
933 780 1016 834 rentis
1028 780 1053 834 io
1068 780 1151 848 ipsius
1161 782 1318 836 monastirii.
1336 820 1344 835 .
1366 822 1374 837 .
1396 823 1403 836 .
1418 799 1550 850 erens,cx
1561 787 1719 842 conlacione

94 881 143 942 rit,
171 878 249 932 etde
277 876 359 930 rebus
377 875 433 937 suis
448 874 598 943 ditarit‚‚et
624 877 710 945 ipsum
738 875 882 931 uerterahili
933 865 946 904 ¹²
962 868 1113 937 praedictae
1125 870 1322 926 ddreberctaue
1336 882 1360 941 ι,
1377 874 1462 929 tenire
1473 877 1514 929 rel
1527 877 1664 931 dominare
1678 877 1719 931 vi-

93 972 153 1024 riro
165 967 348 1022 chrotchario
361 965 478 1021 diacono
496 982 544 1036 per
558 981 636 1022 suam
647 966 812 1039 [epistolam]
816 1006 881 1021 ......
933 962 1041 1023 dentur,
1057 971 1105 1017 aut
1115 979 1144 1019 se
1155 964 1241 1038 adiuro
1251 965 1356 1021 inantea
1367 967 1400 1020 nd
1412 965 1466 1022 neo
1480 968 1640 1024 timentebus
1650 985 1718 1024 con-

94 1060 224 1122 tlrmarit,
242 1067 270 1112 ut
284 1059 381 1112 ibidem
397 1057 544 1113 monachus
558 1058 602 1127 qui
616 1059 665 1112 sub
683 1067 776 1113 saueto
791 1057 885 1112 ordine
934 1052 1018 1108 latum
1033 1051 1126 1117 luerit,
1142 1068 1192 1108 nec
1206 1053 1240 1106 ad
1254 1069 1349 1109 causas
1362 1056 1533 1123 audiendum,
1547 1074 1597 1113 nec
1611 1059 1721 1130 exigen-

94 1151 148 1205 rita
164 1149 283 1204 theorica
297 1149 345 1202 sub
359 1147 453 1202 ordine
468 1147 882 1215 caenubitaledcgeotisconver·
915 1142 1006 1206 ¹dum,
1034 1156 1083 1195 nec
1106 1143 1261 1208 mansionis,
1287 1154 1333 1198 aut
1358 1155 1450 1215 pastus
1470 1155 1517 1201 aut
1538 1158 1654 1218 paratas,
1679 1151 1721 1205 rei

94 1254 156 1296 sare
179 1240 318 1304 diberent,
342 1237 438 1292 ibidem
467 1237 640 1292 intromittire
660 1237 766 1299 diberit,
788 1246 816 1290 et
838 1235 884 1305 ipsi
934 1233 1079 1304 qtternlibet
1091 1233 1314 1290 reddebucionem
1327 1240 1594 1306 requerendum,uec
1604 1241 1722 1298 hominis

90 1333 155 1402 ipso
167 1331 322 1386 monastirio
336 1330 363 1384 iu
377 1344 444 1383 onus
457 1329 508 1383 abb
511 1367 635 1383 .....
653 1327 689 1380 ιιι
704 1328 746 1381 cni
762 1327 845 1395 ipsum
856 1341 886 1381 se
935 1323 1018 1393 ipsius
1033 1324 1251 1394 distringendum,
1269 1341 1317 1381 nec
1331 1328 1363 1381 de
1378 1330 1457 1383 rehus
1471 1346 1564 1386 eorum
1578 1335 1721 1402 quicquam

95 1426 185 1477 virent
204 1439 229 1476 ux
244 1422 293 1476 sub
307 1435 336 1475 se
351 1429 398 1474 aut
411 1428 472 1490 post
484 1435 560 1474 suum
574 1420 719 1474 dfseessmn
731 1419 883 1473 instituerit.
935 1413 1119 1481 minuandum,
1135 1414 1262 1487 [penitus]
1278 1431 1330 1469 noo
1347 1428 1500 1484 praesumat
1512 1420 1615 1476 hahere
1626 1423 1723 1492 ingres·

96 1510 139 1576 Et,
157 1511 219 1564 dum
234 1526 283 1565 tros
298 1510 384 1580 ipsum
400 1509 601 1565 devotissimum
625 1512 650 1563 io
674 1510 727 1564 hoe
749 1526 817 1579 opus
832 1508 885 1562 iln-
935 1510 1005 1568 suto,
1020 1503 1067 1557 sed
1081 1505 1132 1558 sub
1148 1505 1266 1572 regimen
1290 1507 1372 1575 ipsius
1386 1508 1476 1563 abbati
1491 1517 1537 1565 aut
1557 1502 1723 1567 successori·

95 1604 170 1658 mino
186 1601 314 1656 famulare
328 1600 523 1672 perspeximus,
535 1601 597 1655 idco
611 1601 749 1654 volomtate
763 1599 885 1668 plenissi-
936 1593 986 1648 bus
1000 1593 1069 1662 eills,
1083 1594 1172 1648 omrria
1187 1595 1212 1648 in
1226 1594 1272 1649 liri
1288 1611 1403 1652 nomene
1416 1601 1573 1655 consistant.
1590 1601 1622 1656 Et
1635 1603 1721 1658 taliter

96 1707 139 1745 ma
155 1692 206 1746 boc
220 1698 418 1745 sacrosanctum
435 1691 612 1760 privilegium,
629 1705 680 1744 una
697 1705 757 1744 oum
772 1703 887 1744 consen·
938 1697 985 1750 per
998 1684 1050 1738 laoc
1063 1684 1229 1754 privilegium
1244 1687 1397 1754 sanximus,
1413 1696 1443 1743 ut
1455 1690 1629 1759 perhenniter
1652 1700 1722 1748 tem-

60 1831 76 1842 ,,
95 1798 153 1839 sum
185 1781 296 1836 fratrum
324 1792 478 1836 nostrorum
507 1791 534 1836 et
565 1781 705 1836 eonsilium
731 1783 885 1858 seniorum,
904 1774 1047 1876 Bporibus
1060 1775 1250 1843 praesentebus
1268 1792 1300 1829 ac
1316 1778 1410 1833 lrtltrris
1429 1779 1455 1832 in
1470 1778 1518 1834 Dei
1530 1797 1644 1837 nomene
1657 1798 1722 1839 con.

95 1872 253 1927 mignonus
278 1872 366 1924 porroet
395 1881 424 1924 ut
452 1871 522 1926 liciat
549 1880 657 1926 sanetae
683 1871 886 1939 congregacioni
937 1864 1198 1929 servitur.lit,sieut
1214 1865 1722 1930 talitersolet.stimulanteadversario

95 1977 233 2021 servomn
249 1960 296 2015 Dei
313 1963 338 2015 iu
355 1962 412 2030 ipso
428 1962 582 2017 rrxonastirio
597 1963 782 2028 constitutum,
795 1962 885 2030 ouioto
938 1967 985 2019 lei
999 1952 1086 2023 aliqua
1104 1954 1283 2018 terrreriditate
1297 1964 1344 2009 aut
1357 1972 1371 2011 c
1382 1956 1493 2012 ,tidirate
1511 1959 1545 2014 de
1561 1963 1722 2016 successori·

71 2052 199 2115 ‚ordine
225 2050 284 2105 sine
301 2051 457 2119 opressione
481 2049 624 2119 cujuslibet
647 2051 818 2119 pontelicum,
845 2050 887 2105 rel
937 2041 986 2095 bus
1012 2044 1120 2111 ¹¹⁰S¹llsr
1137 2043 1226 2115 [sicot]
1242 2046 1331 2112 ¹¹3¹¹¹lle
1352 2046 1422 2101 ⁵⁰¹ss
1443 2047 1546 2103 malicia
1566 2049 1723 2121 praepedito

93 2143 251 2197 Caraotcuo
274 2141 347 2194 urhis
370 2141 516 2210 episeopo,
530 2154 577 2194 scu
596 2149 625 2195 et
646 2140 814 2206 clericorum,
830 2140 888 2194 sine
937 2133 1026 2202 bonit,
1040 2135 1093 2190 hoo
1107 2137 1256 2205 pritnlegio,
1271 2153 1340 2207 quae
1355 2152 1403 2193 uos
1417 2153 1466 2208 pro
1488 2139 1578 2196 divino
1599 2154 1722 2211 respecto

91 2230 242 2286 insolencia
263 2232 392 2298 jarrenuru
417 2230 611 2295 saecularium,
630 2230 714 2298 quieti
737 2228 837 2292 ririre;
859 2235 888 2282 ut
938 2233 968 2280 ut
990 2242 1037 2294 pro
1054 2227 1233 2295 participanda
1253 2230 1377 2283 connmoi
1402 2245 1584 2288 successorum
1610 2234 1721 2290 fratrum

72 2307 76 2311 γ
90 2322 186 2378 nullus
198 2323 330 2387 corrriria,
344 2336 394 2376 nec
408 2320 561 2388 mansionis,
574 2335 624 2376 nec
638 2329 755 2389 paratas,
767 2334 816 2373 nec
828 2335 883 2372 mu·
938 2316 1080 2371 mercidem
1095 2317 1208 2372 absorde
1222 2333 1271 2388 per
1285 2333 1363 2387 pram
1379 2322 1488 2378 consilia
1504 2323 1637 2390 inlexerit,
1651 2335 1678 2382 et
1689 2331 1722 2384 ad

95 2427 161 2467 nera
185 2412 341 2481 expedenda
366 2427 419 2467 non
433 2411 638 2481 pertimiscant.
660 2409 712 2483 llil
725 2410 764 2482 si]
779 2410 813 2465 ab
828 2411 887 2480 ipso
938 2405 1037 2461 nrolem
1049 2407 1193 2473 impictatis
1206 2407 1376 2477 indulgencia
1387 2419 1477 2466 nostra
1487 2415 1585 2468 omissa
1593 2416 1723 2485 religione

96 2504 151 2557 abb
161 2512 195 2556 te
218 2500 312 2572 portel
327 2519 342 2556 r
357 2502 530 2557 cornotensis
545 2519 592 2573 pro
607 2518 699 2557 eorum
714 2502 829 2556 utilitate
845 2502 884 2554 io-
939 2494 1033 2549 violari
1047 2504 1094 2549 aut
1109 2494 1249 2564 depravari
1264 2497 1305 2551 tei
1321 2502 1491 2571 conrumpire
1510 2503 1617 2561 adnisus
1632 2505 1722 2574 suerit,

96 2595 196 2648 nimios
210 2593 304 2654 luerit,
320 2592 378 2646 sine
393 2592 444 2645 ulla
466 2591 623 2646 ambicionis
642 2607 721 2646 cau-a
740 2590 781 2645 vei
796 2590 852 2644 irau
864 2591 888 2644 'e
939 2599 992 2637 tttttt
1012 2585 1098 2640 solunt
1113 2586 1157 2642 hic
1171 2587 1198 2641 itt
1212 2588 1402 2663 cotthibeulda]
1427 2591 1594 2664 [secundlum
1621 2603 1721 2653 statuta

93 2683 197 2738 accido
212 2683 245 2736 ad
267 2683 395 2736 ecclesias
417 2681 623 2740 corrsecrandas
640 2689 667 2734 et
681 2681 762 2735 abhas
776 2681 887 2734 benedi·
939 2689 1072 2729 cannarum
1085 2677 1233 2746 sentencia,
1245 2677 1279 2733 de
1294 2679 1401 2749 objecto
1414 2685 1594 2742 emmanitatis
1606 2687 1723 2745 crimene

95 2772 206 2846 cepdus,
222 2772 331 2826 reialta
349 2772 372 2824 ia
387 2787 434 2826 seu
448 2771 609 2840 presbiteros
624 2768 691 2841 [aut]
704 2771 832 2825 diaconos
845 2771 887 2825 rel
938 2765 1064 2833 feriatur,
1080 2769 1219 2823 sedetiam
1234 2770 1261 2824 iu
1277 2770 1394 2827 loturum
1409 2783 1471 2829 ante
1486 2776 1601 2832 tribunal
1615 2789 1723 2837 aeterne

96 2864 216 2932 reliquos
229 2861 326 2931 gradus
339 2863 519 2928 ordenandus,
532 2864 590 2916 siue
603 2863 712 2916 obtento
725 2877 824 2932 pravae
838 2878 887 2917 cu·
936 2855 1034 2924 iudicis
1048 2870 1096 2912 seu
1110 2858 1263 2926 augelorum
1278 2860 1320 2913 rel
1334 2870 1486 2918 sanctorum
1503 2864 1667 2940 [omniuru],
1682 2869 1722 2925 ul·

93 2954 215 3025 piditatis
231 2955 317 3009 tradat
332 2953 523 3008 benedicionis.
540 2951 571 3006 Et
586 2953 657 3007 sicut
669 2953 750 3006 habet
772 2953 887 3007 humana
939 2947 1017 3002 cione
1030 2947 1136 3003 divinae
1150 2949 1176 3003 in
1192 2950 1381 3020 praecinctum
1404 2955 1596 3013 condemnetur
1610 2963 1723 3018 acculei.

93 3049 237 3119 prag-lpas⁸
250 3064 279 3103 ,e
295 3048 344 3119 apg
359 3050 427 3101 agga
440 3046 643 3110 goumeradus,
658 3054 704 3100 aur
719 3046 761 3102 cuj
777 3047 826 3115 ipsi
838 3047 887 3101 ibi.
939 3036 983 3105 Et,
1000 3039 1061 3093 dum
1074 3041 1229 3095 extremitas
1241 3051 1331 3096 nostra
1347 3058 1428 3112 saepe
1439 3055 1581 3102 nomenato
1595 3052 1724 3108 monasti·

95 3141 158 3196 gen.
174 3139 353 3194 intromissum
367 3147 377 3190 t
382 3176 534 3191 ,,,,,,
547 3137 671 3191 atriorem
687 3137 843 3199 insinuarit,
854 3136 887 3190 ab
898 3161 925 3224 ,G
939 3128 981 3182 rio
994 3129 1044 3183 sub
1058 3129 1117 3194 liro
1134 3131 1216 3185 cultui
1232 3131 1374 3186 arlrnodum
1390 3133 1416 3187 in
1430 3141 1522 3188 sancta
1537 3136 1591 3191 rita
1609 3152 1723 3195 corrner-

96 3247 129 3286 ac
147 3231 233 3285 lucem
249 3229 411 3297 ntiglhter'll,
428 3227 484 3296 ipsa
499 3238 591 3281 sancta
605 3227 780 3294 congregacio
794 3242 887 3281 servo-
939 3223 1017 3286 Shl'e,
1031 3219 1086 3295 [co]
1093 3221 1217 3290 gnicione
1231 3223 1352 3278 recitatis
1366 3224 1523 3293 regulariler
1536 3227 1562 3282 ιιι
1577 3227 1625 3284 Dei
1639 3230 1724 3289 illudis

95 3336 156 3376 rum
169 3320 215 3376 llei
231 3320 257 3374 in
273 3335 312 3384 sn,
324 3318 455 3386 roser-ipto
467 3319 584 3374 centonio
597 3318 727 3380 instituto,
741 3317 774 3374 de
789 3327 887 3373 semer.
940 3313 1110 3378 toeditantes,
1124 3330 1229 3368 stonum
1240 3314 1371 3369 desiderio
1383 3315 1535 3372 desiderare
1549 3319 1721 3391 inspeximus,

95 3413 169 3479 ipsos
192 3411 224 3464 ad
248 3409 472 3478 gubernacionem
498 3408 656 3471 monastirii,
674 3416 701 3461 et
718 3408 822 3462 animas
842 3423 886 3462 re-
939 3401 974 3456 ita
991 3402 1117 3471 deinceps
1137 3405 1278 3459 solecicius
1301 3415 1381 3474 atqrre
1396 3400 1602 3464 curiosius'dum
1617 3427 1632 3466 a
1647 3415 1725 3470 nubis

90 3501 211 3570 genuae,
228 3501 306 3555 licoat
319 3500 357 3554 eis
372 3498 475 3570 [talem]
491 3500 697 3568 gubernatorem
718 3500 825 3570 elegire,
842 3499 886 3569 qui
939 3495 1028 3548 ornnia
1043 3494 1180 3566 [subsidia]
1196 3495 1328 3564 seruntur,
1341 3495 1391 3565 llpi
1405 3498 1549 3556 clemencia
1562 3503 1725 3570 inploramus
1772 3482 1779 3496 ⁹

93 3591 215 3645 leorestis
230 3591 348 3645 moribus
361 3591 404 3654 sit,
421 3604 472 3644 non
485 3590 671 3656 generositatis
685 3590 825 3654 nobilium,
839 3591 885 3645 sed
939 3595 968 3643 ut
981 3603 1086 3655 semper
1099 3589 1182 3658 magis
1195 3604 1227 3643 ac
1241 3591 1324 3658 magis
1338 3590 1363 3643 iu
1376 3589 1422 3644 [lei
1436 3607 1530 3648 amore
1550 3595 1722 3663 prolicientis,

95 3681 125 3735 io
141 3681 186 3734 ilei
206 3696 299 3735 anrore
312 3680 504 3751 expergencius
525 3689 604 3748 atoue
618 3682 739 3748 sagacius
754 3681 885 3746 inbutum,
940 3679 1058 3734 accensis
1070 3680 1235 3746 lampatebus
1248 3691 1355 3734 aeterna
1369 3681 1421 3734 vita
1436 3683 1619 3749 pertruantur,
1635 3689 1723 3756 quali-

94 3782 124 3829 et
139 3775 186 3826 sulr
200 3783 321 3826 sanctam
337 3789 356 3826 r·
367 3773 455 3840 golam
474 3774 663 3829 oboedienciae
685 3784 787 3843 patrem
810 3774 886 3829 insti·
940 3776 980 3822 ter
995 3764 1044 3836 prov
1061 3768 1152 3823 labore
1172 3782 1241 3838 quae
1265 3770 1292 3823 in
1315 3770 1470 3826 certaminis
1492 3774 1724 3844 contemplacione

80 3871 174 3927 ‚tuere
189 3863 389 3938 [correctlemcs]
405 3865 577 3924 decrivimus,
591 3864 684 3935 cisque
706 3865 886 3920 concessimus
939 3859 1087 3924 desudant,
1104 3859 1172 3927 aprud
1196 3860 1408 3923 onrnlpotcntem
1430 3860 1571 3917 Dominum
1595 3867 1724 3923 mercedis

95 3964 127 4012 ut
142 3957 213 4019 nu'lo
228 3957 307 4012 modo
322 3957 372 4011 ltoc
386 3972 491 4011 sacrum
508 3956 592 4025 print·
602 3957 674 4025 glum
690 3971 704 4009 a
719 3958 886 4011 successori.
937 3949 1109 4002 cornmodum
1135 3949 1239 4014 lerant;
1256 3958 1283 4003 ct
1303 3966 1352 4005 tros
1378 3952 1411 4005 de
1433 3951 1613 4020 multiplecata
1640 3959 1724 4026 segite

95 4049 147 4104 bus
162 4049 261 4104 mstis
273 4049 308 4103 sp
322 4049 476 4117 grumum,
491 4048 536 4103 ,ep
553 4063 599 4116 pes
612 4048 702 4102 ownia
717 4055 744 4102 ep
760 4049 785 4100 a„
797 4049 884 4103 οωῃῑ.
939 4040 1057 4110 praemia
1072 4041 1234 4110 scrnpiteroa
1247 4042 1404 4110 populorum
1416 4042 1554 4110 congeries
1566 4042 1723 4102 irrrctilieata

94 4139 146 4194 bus
156 4141 323 4196 conservitur·
337 4142 360 4193 ¹¹.
377 4138 419 4201 Et,
434 4139 457 4193 si
472 4137 605 4201 emendata,
618 4137 688 4204 quod
705 4137 785 4208 [absit
797 4145 824 4190 et
838 4137 887 4190 mi·
938 4133 1057 4203 gremiis,
1070 4134 1171 4188 abrutis
1186 4133 1325 4204 palliarum
1342 4135 1480 4201 sordebus,
1496 4137 1613 4193 triticum
1628 4139 1724 4196 horrca

93 4230 178 4301 nilne]
193 4231 325 4285 credimus
340 4231 394 4286 Deo
408 4230 551 4299 adiurante
566 4229 636 4299 quod
653 4229 709 4295 ιιι,
726 4229 751 4283 in
764 4229 886 4298 supradi·
936 4229 1085 4284 reconditis
1099 4238 1201 4284 metere
1225 4237 1307 4299 atque
1329 4228 1449 4298 adipisci,
1466 4232 1613 4302 mancipari
1635 4235 1726 4291 raica-

95 4326 143 4373 cto
165 4321 323 4375 rnooasrtrto
344 4320 518 4383 surrexerit,
540 4329 566 4372 et
590 4319 639 4388 ipsi
657 4319 739 4373 abbas
756 4334 816 4372 cum
839 4334 887 4374 sua
938 4335 1008 4375 xnus.
1025 4320 1099 4375 Unde
1112 4321 1217 4375 «iouruis
1232 4321 1444 4391 metropolitanis
1464 4323 1564 4377 arcium
1586 4325 1664 4380 sedes
1684 4327 1725 4382 dt·

91 4411 308 4479 congregacione
330 4411 382 4466 boc
406 4410 550 4467 etrxeudare
573 4425 627 4464 non
653 4409 780 4478 potuerit,
803 4411 888 4478 patris
902 4448 925 4502 υ
938 4412 1056 4468 vinitatis
1070 4411 1193 4480 suffragia
1209 4411 1358 4480 poscimus,
1373 4420 1401 4467 ut
1416 4414 1565 4469 adhibenda
1580 4419 1723 4472 rirercidcrn
1755 4465 1759 4468 .

95 4501 245 4571 spiritalis,
259 4503 369 4572 qoisob
392 4514 487 4557 sancto
510 4501 604 4556 ordine
627 4497 834 4570 riverelrideu]
845 4509 887 4553 tur
938 4502 990 4557 hoc
1000 4511 1122 4557 sanetum
1134 4502 1302 4574 priuilegium
1313 4504 1444 4558 societate
1454 4503 1626 4560 beatitudinis
1636 4517 1724 4565 tertre

94 4591 124 4647 in
139 4589 290 4648 carnotena
306 4595 443 4663 parochia,
454 4603 500 4647 aut
511 4609 544 4648 un
556 4594 626 4665 tique
639 4593 772 4662 elegirint,
789 4594 821 4646 ad
835 4593 887 4647 hoc
938 4595 1072 4648 adsentire
1085 4604 1165 4662 atoue
1179 4593 1330 4668 [cordium]
1341 4610 1369 4650 rc
1384 4611 1434 4649 rina
1455 4595 1595 4654 nobiseum
1614 4599 1724 4657 alutetas

94 4680 251 4735 scandalum
274 4682 447 4749 mitigandum
473 4683 596 4737 irrriteot.
621 4682 696 4748 Quod
719 4682 741 4737 si
767 4696 817 4737 nee
835 4680 887 4751 ipsi
938 4693 1024 4739 restra
1038 4685 1171 4753 dignetur.
1187 4685 1292 4738 donum
1307 4683 1424 4740 secundo
1438 4697 1550 4756 reguum
1565 4687 1655 4744 domni
1675 4705 1723 4745 no·

96 4773 108 4837 (
117 4770 187 4835 nuod
203 4772 310 4826 minime
324 4773 474 4839 credimus)
499 4774 550 4829 hoc
573 4774 716 4828 emendare
738 4773 885 4842 potuerint,
936 4775 984 4829 stri
999 4773 1057 4826 Chii
1069 4773 1195 4828 lehercthi
1206 4773 1388 4842 gloriosissimi
1402 4773 1483 4843 regis.
1498 4773 1663 4845 captonaco,
1680 4796 1726 4849 pu·

93 4864 160 4912 tunc
171 4859 203 4912 ad
233 4861 287 4913 acis
298 4862 459 4915 comoediae
469 4866 528 4915 sine
541 4862 594 4916 ullo
608 4861 760 4929 cupiditatis
772 4862 887 4916 crimine
936 4862 1031 4917 blicac.
1045 4861 1150 4932 [ilatum
1166 4862 1247 4934 qood]
1258 4862 1322 4918 lecit
1334 4862 1426 4917 minsis
1440 4862 1554 4923 llarcius
1566 4867 1623 4923 dies
1638 4885 1686 4924 sex
1698 4869 1725 4924 ι.

92 4949 221 5017 pontefex
237 4947 412 5004 Carrrotensis
426 4950 458 5003 ad
474 4951 531 5020 ipso
546 4951 641 5004 abbate
655 4950 696 5004 uel
710 4965 757 5004 sua
772 4966 881 5020 congre·
970 4953 999 5007 ln
1016 4955 1062 5007 llci
1076 4953 1184 5008 nomine
1199 4953 1345 5022 Ageradus,
1356 4955 1421 5011 acsi
1433 4965 1559 5023 peccator
1569 4961 1722 5028 episcopus,

91 5040 207 5106 gecione
219 5039 368 5093 invitandus
380 5040 424 5105 sit,
441 5048 469 5094 ut
484 5049 596 5112 paterno
609 5056 683 5095 more
693 5039 884 5106 discordantis,
936 5045 987 5100 lxoe
1001 5044 1172 5113 previlegium
1187 5060 1202 5098 a
1218 5059 1260 5100 me
1273 5044 1374 5124 lactum
1389 5045 1465 5115 religi
1478 5056 1505 5102 ct
1518 5048 1672 5118 subscripsi.
1691 5090 1698 5105 .
1716 5090 1723 5104 .

130 5241 144 5269 ι
163 5232 270 5289 Priores
282 5235 409 5301 editores,
421 5235 576 5290 contremitux
588 5234 721 5289 consistat.
745 5232 798 5288 Sed
814 5233 884 5288 male
935 5238 1005 5294 (1¹¹2.
1020 5222 1184 5302 ²}Sesslllssl0
1199 5219 1254 5276 silit)
1268 5236 1329 5289 ⁸⁰⁰2
1345 5224 1536 5278 m⁰¹¹²⁵¹⁸ll¹¹¹¹¹
1556 5224 1677 5279 condidit
1689 5227 1723 5282 tle

92 5302 205 5370 oculati,
221 5320 280 5357 narn
303 5307 388 5372 prima
414 5320 492 5359 tnau
518 5320 569 5358 vox
598 5305 765 5364 contemuitur,
783 5302 883 5357 relecta
934 5303 1098 5363 qutragrtur.
1210 5363 1216 5374 ι
1423 5299 1459 5374 ‘⁶
1667 5366 1673 5377 Ι

93 5375 328 5439 extrernatiuera,
344 5374 370 5427 in
410 5388 486 5428 ocem
509 5375 665 5428 conset-nitur
689 5382 790 5427 rnutua
821 5385 881 5436 est,
969 5362 1120 5430 “Regnum
1139 5369 1295 5445 ‚auspicatus
1318 5360 1625 5448 estUChrldelrcrtusulli
1649 5381 1721 5448 circa
1775 5433 1777 5435 ι

89 5449 121 5496 et
148 5457 200 5496 vox
223 5457 336 5514 sequens
358 5445 500 5511 consistet,
517 5444 645 5512 subjectis
672 5445 788 5513 punctis,
808 5443 882 5497 irrita
933 5450 1054 5512 mensem
1070 5433 1191 5515 blathum
1206 5429 1274 5494 ⁶95:
1288 5446 1340 5500 titt
1354 5431 1398 5486 dle
1413 5432 1490 5497 'lidus
1504 5448 1605 5515 Jttettsts
1619 5452 1672 5490 non
1688 5438 1721 5490 lr-

92 5511 174 5565 lacta.
932 5516 1008 5573 ponet.
1025 5505 1095 5562 hmo
1109 5512 1237 5559 rotcertum
1251 5512 1294 5557 est
1304 5510 1391 5555 utrum
1408 5501 1457 5555 hoc
1471 5504 1636 5573 pravilegium
1650 5523 1721 5562 antro

129 5582 142 5618 t»
153 5581 199 5636 sic
211 5583 236 5636 r„
247 5583 413 5651 autographo
424 5600 431 5648 ;
442 5599 496 5638 non
508 5591 597 5636 aorem
608 5584 797 5648 consolacione,
808 5580 881 5651 quod
931 5575 985 5632 otto
995 5591 1029 5629 an
1040 5573 1091 5629 eet
1106 5573 1274 5654 tribuendum
1285 5572 1329 5626 sit.
1340 5571 1408 5638 Quae
1421 5573 1518 5627 luerint
1532 5574 1721 5643 plerorumque

92 5649 119 5704 ia
135 5650 199 5706 edit.
218 5652 412 5720 hreouigniana
427 5665 454 5707 et
469 5653 528 5708 aliis
539 5655 667 5722 reperias.
761 5652 763 5659 ’
932 5649 1122 5716 episcoporum
1137 5641 1359 5697 subscribentium
1374 5642 1452 5696 sedes
1471 5644 1608 5701 declarant
1626 5647 1720 5704 tteottae

127 5721 339 5777 chdrebertana
366 5723 472 5778 ridetur
496 5733 582 5779 mater
607 5723 718 5780 Deodali
743 5720 878 5787 episcopi.
933 5715 1021 5772 ionius
1034 5722 1062 5770 et
1076 5712 1236 5780 retonans,
1250 5728 1318 5783 quas
1331 5713 1441 5772 videsis.
