3810 6128
134 352 199 409 tuot
755 352 894 409 trusels
913 350 958 407 sb
977 349 1144 409 illustriss.

1692 367 1763 418 illlis

130 462 273 534 inungitur,
288 461 352 516 dum
372 460 406 516 ab
421 460 546 517 omuibus
559 460 676 517 uidetur.
694 460 726 517 Et
739 462 849 531 quando
863 475 916 516 ee·
931 463 1092 522 Amensam
1114 465 1190 533 loqui
1204 480 1259 521 non
1272 480 1401 537 negamus
1421 486 1430 523 :
1455 471 1494 526 sic
1509 479 1610 540 lamen,
1626 485 1655 530 ιι
1668 492 1760 546 pressa

129 560 198 610 tere
211 552 320 622 expleto
335 550 426 607 cilicio
439 549 510 607 iores
523 552 704 622 egrediuntur,
720 552 765 607 illa
785 552 813 606 in
832 549 920 607 eccle·
971 565 1025 606 non
1040 553 1170 610 dissoluta
1191 570 1259 613 voce
1284 556 1443 629 loquantur;
1469 577 1503 616 ne
1522 564 1630 630 garrula
1645 580 1711 623 vose
1732 570 1760 625 in

130 642 172 700 sis
182 657 233 714 pro
245 643 302 715 ipse
318 641 445 697 tarditate
455 641 543 712 posita
556 641 697 698 duodecim
710 643 829 713 psalmos
841 655 920 710 super
970 659 1064 700 sonum
1078 657 1296 719 prorumpentes,
1308 651 1393 719 magis
1405 653 1507 710 desidia
1519 669 1599 725 qoam
1615 656 1706 714 letitia
1716 676 1761 729 Ju-

130 748 227 792 cursus
241 733 339 788 seriens
353 741 455 788 oantet.
469 732 500 789 Si
520 749 585 790 cero
600 748 633 790 ex
647 743 705 790 toto
719 750 827 791 cursum
842 750 919 789 suum

130 824 289 895 perdiderit,
305 824 440 896 precipue
453 826 593 882 nocturnis
606 826 692 891 boris,
708 827 845 898 inquibus
858 826 920 881 nul·

132 914 187 970 lnm
210 915 293 971 elium
316 930 385 985 opus
408 914 548 985 impendit,
567 917 753 988 suppositione
766 916 917 971 damnetur.

131 1005 220 1063 lloras
233 1020 298 1062 vero
317 1004 352 1060 ad
367 1021 476 1062 cursum
490 1021 638 1078 procurare
649 1007 725 1077 Juxta
739 1007 919 1078 dispensatio·

130 1111 193 1154 nem
205 1093 348 1151 abbatisse
361 1095 453 1164 debet,
475 1096 627 1166 cuicunque
646 1079 798 1152 ordinatum
820 1096 917 1161 inerit:

129 1188 157 1245 id
171 1195 223 1254 eet,
237 1202 296 1256 que
310 1195 402 1243 mente
421 1187 538 1244 sollicita
553 1195 582 1243 ct
601 1187 715 1258 impigra
726 1186 808 1242 luerit
820 1186 854 1241 ad
868 1187 921 1242 boc

129 1292 200 1350 opus
213 1277 309 1334 idonea
325 1278 445 1346 inventa,
467 1287 496 1334 ut
510 1293 580 1349 opus
601 1278 649 1334 liei
665 1293 720 1334 non
742 1279 875 1334 tardetur.
890 1276 919 1334 Si

129 1381 197 1425 vero
209 1367 331 1437 qualibet
344 1369 486 1448 occasione
497 1384 512 1423 a
521 1368 595 1438 iusto
604 1367 701 1425 ordine
711 1369 847 1424 deviatum
857 1369 918 1425 ioe-

128 1459 175 1525 rit,
191 1468 221 1514 ut
234 1475 288 1515 uon
301 1460 447 1515 secundum
461 1476 538 1515 suunt
550 1462 671 1517 ordinem
682 1459 756 1516 bore
765 1459 920 1516 custodian·

131 1557 187 1614 tur,
203 1550 390 1620 suppositione
402 1550 556 1607 damnetur.

431 1699 545 1758 CAPUT
563 1700 610 1758 lx.

131 1812 248 1882 Qualiter
269 1815 297 1869 in
319 1816 474 1869 monasterio
505 1815 603 1869 silentii
624 1814 740 1886 requiam
765 1813 804 1868 oei
823 1811 956 1871 dirtmoB
1003 1806 1102 1865 Mense
1116 1810 1312 1870 administratio
1327 1815 1368 1871 cel
1382 1819 1536 1875 observabo
1555 1832 1654 1892 quinutu
1668 1841 1760 1897 equia-

165 1902 253 1952 οισι,
272 1889 311 1938 oei
331 1886 366 1938 od
388 1901 504 1939 mertuum
521 1886 630 1939 debeant
650 1885 802 1940 custodire:
824 1883 863 1940 uei
882 1886 917 1938 od

163 1971 279 2012 mensem
291 1955 419 2027 qriomedo
432 1956 467 2010 eit
477 1954 623 2026 ieqerrdem.

165 2083 295 2154 Regulam
311 2082 411 2139 silentii
433 2083 508 2139 omni
528 2092 650 2155 tempore
672 2083 832 2140 servandam
852 2098 918 2138 san-

127 2177 437 2247 ctsromicriplurarum
448 2176 533 2231 series
543 2176 698 2240 declararit,
710 2175 773 2231 dum
788 2189 838 2245 per
852 2159 918 2229 Ptol

128 2268 238 2341 pbctam
254 2267 370 2323 dicitur:
387 2266 476 2322 dictim
486 2268 598 2340 justitie
611 2267 741 2321 silentium
754 2276 779 2321 et
789 2282 852 2335 pos.
867 2264 919 2319 Ta·

128 2361 246 2418 cendum
258 2374 374 2429 namque
388 2366 431 2415 est
449 2359 483 2414 ab
499 2359 595 2415 otiosis
609 2365 638 2414 ct
651 2357 764 2425 frivolis,
779 2366 807 2413 et
817 2354 918 2420 scurri-

129 2451 211 2519 libus,
226 2459 255 2507 et
268 2451 357 2521 praeis
369 2456 397 2506 et
411 2450 554 2506 malitiosis
567 2449 682 2516 iabolis;
698 2449 733 2507 de
745 2449 844 2520 quibus
855 2449 919 2504 Pro·

129 2541 212 2614 pineta
231 2541 328 2598 orabat
343 2542 455 2597 dicens:
472 2541 555 2606 Pone,
570 2540 691 2610 Domine,
710 2541 856 2596 custodiant
879 2540 919 2596 eri

129 2650 198 2700 meo,
212 2642 237 2688 et
251 2633 345 2688 ostium
359 2633 561 2686 circumstantie
574 2630 651 2687 loliis
664 2632 738 2686 ιιιιίι.
755 2627 819 2686 Non
839 2630 920 2685 decti-

128 2740 176 2781 ιιι
186 2740 233 2780 eor
244 2740 329 2779 mmm
342 2726 369 2778 in
382 2723 458 2778 oeric
470 2723 541 2778 male
564 2722 632 2796 (leo.
643 2739 731 2790 surm
756 2720 831 2777 seat.
844 2722 917 2793 esu).

970 731 1084 790 dicetur.
1101 735 1136 791 Et
1153 737 1214 806 ipsa,
1234 738 1416 797 confabulatio
1432 743 1493 798 talis
1511 744 1547 799 sit
1570 761 1604 801 cx
1623 748 1759 821 colloquio

970 821 1180 894 seripturarum,
1196 842 1256 898 que
1271 829 1367 884 anime
1387 831 1490 887 lucrum
1511 833 1601 902 faciat,
1617 853 1670 893 non
1684 839 1760 895 dam·

971 927 1044 966 nunt.
1060 914 1203 970 Silentium
1221 933 1286 973 uero
1300 918 1327 973 in
1346 921 1505 987 penitentia
1518 926 1684 996 accipientes
1698 946 1757 985 om-

970 1001 1086 1058 nimodis
1098 1004 1223 1061 studeant
1235 1009 1381 1077 custodire,
1395 1019 1424 1066 ut
1434 1013 1468 1068 de
1478 1029 1541 1068 vera
1553 1019 1761 1078 mortificatione

970 1101 1127 1148 mereantur
1140 1093 1256 1150 iructont
1272 1099 1404 1170 recipere.
1421 1101 1485 1158 Due
1499 1120 1572 1171 tero,
1595 1108 1620 1162 in
1635 1124 1762 1179 quocun-

970 1194 1024 1249 que
1039 1182 1099 1238 loco
1122 1182 1221 1240 luerint
1234 1187 1341 1258 posite,
1355 1190 1510 1249 nullatenus
1524 1195 1582 1251 sine
1598 1199 1676 1253 tertia
1693 1208 1764 1255 teste

969 1270 1043 1341 loqui
1057 1285 1221 1342 presumant
1233 1294 1240 1331 :
1256 1279 1304 1334 sed
1316 1289 1372 1337 tres
1384 1298 1493 1354 semper
1503 1289 1597 1356 posim
1609 1293 1766 1361 necessaria

969 1363 1171 1434 colloquantur.

1280 1479 1395 1537 CAPUT
1413 1480 1447 1537 X.

1039 1603 1076 1662 De
1099 1609 1200 1664 ratione
1212 1625 1307 1666 mensor
1329 1614 1439 1682 qualiter
1457 1617 1691 1676 odelininmudum

1218 1681 1256 1735 rei
1269 1680 1455 1738 obseruandum
1466 1690 1511 1742 sit.

970 1900 1045 1956 litate
1066 1902 1109 1957 rel
1129 1903 1277 1960 sobrietate
1299 1921 1460 1974 percurrere
1482 1911 1589 1982 debeat,
1617 1915 1759 1974 abbatissae

969 1990 1081 2050 seientia
1095 2003 1139 2047 est
1154 1994 1335 2050 trutinandum
1347 2014 1355 2052 :
1372 2005 1401 2052 ul
1413 1998 1440 2052 in
1455 2003 1588 2069 etttuibus,
1599 2005 1669 2061 sicut
1681 2008 1762 2069 lissei

971 2078 1018 2135 Dei
1032 2081 1178 2149 ministras,
1194 2085 1331 2153 religionis
1345 2089 1434 2158 vigeat
1447 2089 1543 2148 lomes.
1556 2093 1759 2155 llinistrandunr

970 2185 1087 2242 natuque
1109 2181 1151 2228 est
1176 2176 1302 2233 cusoribus
1323 2179 1420 2248 equali
1443 2181 1587 2240 libratione
1606 2196 1661 2241 tam
1681 2199 1763 2261 potus

969 2275 1050 2330 quam
1074 2262 1160 2331 cibus,
1186 2276 1268 2335 prout
1288 2275 1403 2338 tempus,
1417 2271 1475 2328 sire
1488 2273 1683 2344 solemnitates,
1704 2281 1764 2337 sive
1839 2286 1843 2299 “

969 2351 1150 2419 abstinentie,
1165 2354 1223 2410 siue
1239 2356 1390 2425 quotidiani
1411 2375 1474 2416 usus
1489 2368 1673 2434 poposcerint.
1689 2367 1763 2436 Quo·

971 2441 1079 2498 tidianis
1093 2446 1193 2499 etenim
1208 2447 1301 2503 diebus
1313 2449 1440 2508 subicere
1456 2453 1629 2514 decernimus
1642 2460 1695 2516 duo
1708 2460 1763 2516 ier·

969 2531 1040 2600 cula,
1059 2535 1180 2605 exceptis
1194 2552 1337 2605 pomorum
1353 2539 1455 2612 donis:
1477 2545 1510 2599 de
1525 2545 1704 2616 leccionibus
1718 2553 1761 2607 vel

969 2623 1004 2679 de
1025 2622 1145 2680 oleribus
1165 2627 1296 2696 consero,
1316 2645 1363 2686 seu
1386 2632 1480 2689 farine
1497 2638 1617 2705 qualibet
1631 2657 1763 2713 consper-

969 2713 1054 2770 sione.
1067 2711 1196 2772 Omnibus
1205 2719 1305 2774 etenim
1314 2734 1390 2790 equa
1403 2738 1528 2780 meusrtra
1538 2729 1761 2801 ministrandum

129 2816 297 2876 melodum
311 2816 412 2887 quippe
422 2812 468 2871 'est
482 2831 498 2871 a
512 2816 611 2871 iabulie
624 2815 777 2885 superfluis,
794 2829 830 2871 ne
841 2814 919 2870 dam-
969 2814 1068 2873 preter
1078 2809 1101 2862 ⁸¹
1115 2816 1182 2864 2¹³⁸
1196 2807 1338 2879 ῑιῦιιιῑθι,
1353 2818 1565 2882 que-sustinere
1588 2837 1641 2878 non
1663 2825 1761 2890 valcat,

130 2907 251 2967 astionis
264 2923 312 2978 per
327 2907 492 2964 iueilrenate
509 2907 754 2978 mentisiqnaviam
766 2906 855 2961 anima
868 2904 920 2962 iru-
969 2906 1017 2952 aut
1033 2898 1163 2968 egritudo
1186 2904 1322 2970 corporis,
1344 2911 1391 2958 aut
1417 2908 1531 2964 novelle
1549 2900 1763 2971 conversationis

131 3005 205 3057 etam
217 2999 324 3071 capiat:
336 3000 399 3070 quia
413 3015 467 3056 non
481 3000 569 3056 solum
581 2999 616 3056 de
629 2998 736 3056 scurrili
748 3008 776 3054 et
790 2998 920 3069 injurioso
970 2990 1075 3046 novitas
1085 2991 1234 3061 improbata
1248 2993 1360 3051 sulierrc
1371 3012 1424 3053 aton
1434 3008 1526 3069 queat,
1537 3003 1608 3071 quod
1619 3004 1762 3062 abbatissae

131 3088 586 3158 mon„‚,0qeqqamd00110⁵0‚
600 3091 677 3160 jum
698 3090 801 3147 pomini
820 3105 920 3163 We.
967 3079 1070 3150 judicio
1085 3082 1251 3151 pensandum
1274 3091 1325 3140 est.
1348 3084 1431 3143 Potus
1445 3103 1510 3146 vero
1524 3091 1618 3148 eicere
1638 3095 1760 3165 liquoris,

132 3190 221 3255 pium,
238 3182 370 3239 fanonem
385 3197 478 3240 sumus
492 3182 632 3239 reddituri,
648 3183 717 3251 Quin
730 3183 802 3239 aqud
821 3183 920 3239 debeas
933 3163 956 3226 C
970 3170 997 3226 id
1008 3178 1058 3234 est,
1069 3171 1188 3227 cervisie
1202 3187 1327 3228 mensura
1341 3175 1422 3232 solita
1436 3178 1588 3234 tribuatur:
1604 3181 1625 3238 si
1636 3184 1762 3240 voluntas

132 3274 266 3329 mmm
280 3274 399 3337 stupere,
409 3288 489 3345 quam
504 3272 737 3343 „11p00‚5nq„0
749 3274 833 3330 gemet
853 3273 921 3329 (1055.
969 3260 1111 3317 abbatisse
1124 3261 1215 3332 luerit,
1230 3263 1254 3318 si
1269 3263 1357 3331 labor,
1371 3265 1413 3321 rel
1426 3265 1511 3325 iestns
1523 3271 1591 3339 dies,
1614 3275 1656 3329 vel
1668 3275 1760 3346 bospi-

132 3364 238 3422 tierium
252 3366 320 3432 lixit,
334 3365 858 3424 eterissermoneetanimedesiderio
872 3381 920 3421 va·
969 3353 1005 3408 ¹5⁸
1029 3351 1160 3408 “mmm
1182 3353 1226 3422 lli
1247 3355 1367 3423 Ριθιθῑῑθ
1392 3357 1580 3428 θῐθιῑῑιιθιῑῐ,
1609 3363 1665 3418 Vini
1687 3362 1764 3436 ll⁰¹¹⁰

132 3454 359 3511 unffimnibus
378 3469 444 3525 ergo
468 3456 543 3513 horis
564 3455 678 3522 diurnis,
693 3466 872 3528 [amoq-quam
887 3459 921 3512 qd
969 3445 1091 3515 lugenda
1114 3453 1165 3501 esi·
1189 3444 1224 3500 Ei
1244 3447 1268 3501 si
1291 3446 1513 3529 duabusvlelbus
1530 3453 1701 3512 reficiendum
1716 3460 1763 3524 sit,

133 3561 272 3611 menum,
295 3546 329 3601 pb
353 3546 419 3602 hom
443 3548 563 3603 munda
589 3561 675 3618 usque
700 3546 735 3603 ad
757 3546 921 3618 pomppqqqm
970 3533 1133 3605 Di'aeiDl'Vlnl
1148 3536 1284 3605 polionem
1306 3537 1401 3594 Similis
1422 3541 1513 3610 requie
1527 3554 1660 3599 servolus.
1676 3546 1768 3605 Flebili

132 3635 264 3707 quidquid
277 3636 378 3692 utilitas
390 3650 475 3693 sacre
488 3637 588 3707 regule
602 3639 767 3709 poposcerit,
783 3654 831 3709 per
844 3638 923 3694 enne.
970 3640 1035 3681 vero
1050 3625 1157 3695 diebus,
1172 3642 1223 3696 pro
1239 3631 1390 3684 reverentia
1405 3646 1489 3687 sacre
1502 3635 1691 3704 solenmitatls,
1704 3641 1766 3710 plu·

134 3729 206 3784 tisse
216 3735 397 3784 commeatum
406 3727 571 3796 loquendum
583 3734 635 3783 est.
646 3727 687 3782 Ab
698 3728 764 3783 bon
775 3742 840 3782 vero
850 3742 921 3783 com·
971 3718 1046 3775 ribus
1065 3718 1142 3782 cibis,
1157 3717 1247 3785 idest,
1262 3719 1346 3776 ternis
1360 3721 1404 3776 ael
1421 3726 1559 3793 quaternis
1575 3725 1681 3784 ierculis
1700 3740 1765 3786 suist

134 3817 271 3889 pletionis,
284 3831 346 3873 cum
367 3817 455 3872 oratio
470 3815 506 3872 ad
520 3831 644 3871 sumnum
658 3816 817 3887 capiendum
831 3816 921 3882 datur,
971 3823 1087 3878 corpora
1107 3807 1251 3864 reilcienssfl
1269 3828 1275 3863 =
1292 3810 1332 3865 8ῑο
1347 3819 1448 3876 lamen,
1473 3823 1505 3868 ul
1522 3815 1547 3871 si
1562 3816 1637 3886 plura
1649 3830 1712 3875 stunt
1725 3823 1765 3877 ci·

134 3908 210 3965 nulia
224 3907 335 3964 ouririno
356 3905 431 3976 loqui
446 3913 600 3976 preerunat,
619 3904 669 3960 nisi
682 3905 792 3974 prandia
805 3904 923 3960 necessi·
971 3896 1047 3953 baria
1062 3913 1185 3965 nantem,
1208 3898 1262 3953 sint
1279 3899 1399 3967 mineram
1423 3910 1454 3956 ut
1472 3918 1587 3974 corpora
1609 3911 1768 3966 necessario

134 4006 179 4055 tas
193 3996 347 4052 monasterii
361 3995 524 4067 poposcerit.
535 3991 587 4049 Cui
596 3995 630 4048 ab
642 3993 778 4049 abbatissa
788 3991 869 4048 luerit
878 4008 924 4048 or·
972 3986 1033 4043 cibo
1056 3987 1221 4053 reiciantur.
1248 4005 1302 4044 noo
1327 3990 1408 4045 nimia
1426 3994 1569 4049 saturitate
1589 3995 1762 4058 damnentur.

133 4086 268 4150 dinatum,
284 4085 357 4155 loqui
370 4084 487 4152 studeat,
503 4084 546 4139 rel
566 4084 649 4139 ctiam
663 4099 679 4139 a
694 4083 848 4154 preposita,
863 4097 924 4154 que
972 4079 1103 4137 sedentes
1117 4095 1182 4134 cero
1196 4080 1230 4135 ad
1243 4095 1363 4136 mensam
1377 4096 1485 4138 sorores
1499 4085 1572 4139 nulla
1592 4087 1704 4143 alteram
1715 4106 1767 4147 cn.

135 4192 230 4237 utram
244 4178 357 4234 aliarum
371 4187 471 4248 portat.
488 4176 530 4232 dd
550 4192 671 4233 mensam
684 4174 831 4232 veronulla
845 4175 922 4246 peni·
972 4168 1127 4228 medentem
1142 4169 1333 4226 sublimatione
1351 4171 1492 4228 oculorum
1506 4176 1643 4245 respiciat,
1664 4194 1714 4236 nec
1728 4182 1771 4236 al·

136 4278 184 4329 me
197 4279 293 4342 preter
305 4270 477 4333 abbatissam,
491 4268 535 4323 vel
547 4267 591 4324 cui
606 4266 741 4323 abbatissa
756 4267 924 4337 preceperit,
973 4262 1057 4319 terim
1068 4278 1222 4319 mensuram
1236 4264 1288 4320 cibi
1302 4263 1345 4319 rel
1357 4272 1436 4334 potus
1446 4264 1537 4335 iniqua
1547 4268 1769 4328 consideratione

139 4377 190 4434 pro
206 4360 342 4418 communi
357 4360 519 4415 necessitate
532 4373 658 4414 sororum
671 4358 745 4428 ioqui
760 4367 923 4427 presumat:
973 4352 1122 4409 intueatur.
1141 4353 1253 4418 Quando
1276 4352 1303 4407 iu
1324 4368 1445 4408 mensam
1459 4354 1536 4411 cibus
1549 4356 1768 4430 administratur,

136 4450 186 4509 sed
198 4466 293 4508 omnes
308 4450 410 4506 intento
425 4450 516 4506 animo
529 4450 631 4519 pretias
645 4449 790 4505 reddentes
807 4449 924 4505 creatori
974 4443 1048 4500 nulla
1063 4444 1137 4515 prius
1150 4444 1239 4500 cibum
1254 4443 1388 4512 comedat,
1410 4460 1493 4514 quam
1506 4447 1612 4516 siguum
1631 4449 1664 4504 ad
1679 4451 1766 4507 bene·

136 4546 164 4598 in
179 4540 305 4598 cordibus
314 4538 370 4625 suis
384 4540 436 4594 cibi
451 4555 483 4595 ac
496 4550 576 4610 potus
589 4539 681 4596 solide
695 4555 827 4595 mensure
844 4539 925 4609 larqi-
939 4512 1117 4590 nubendum
1132 4534 1249 4590 insonet.
1274 4534 1415 4591 Abbatissa
1436 4550 1499 4593 cero
1513 4537 1616 4607 vigilet,
1630 4549 1660 4595 ut
1674 4541 1767 4599 conie·

125 4631 213 4686 sinae
234 4629 365 4684 iruantur.
388 4627 511 4684 Portnria
533 4644 598 4685 vero
618 4644 677 4699 que
694 4645 743 4699 pro
767 4629 926 4686 necessariis
976 4627 1038 4682 stim
1053 4641 1113 4682 cum
1133 4625 1209 4681 cibus
1227 4627 1396 4681 ministratus
1416 4627 1506 4692 buerit,
1528 4629 1634 4697 signum
1654 4639 1767 4702 tetigere

137 4721 228 4778 causis
242 4720 388 4791 alloquium
402 4721 547 4792 expetierit
560 4721 711 4787 abbatisse,
726 4721 799 4791 loqui
814 4721 925 4790 permit·
977 4725 1119 4783 procuret;
1135 4724 1163 4770 ct
1172 4730 1268 4772 omnes
1280 4732 1340 4771 cum
1355 4718 1460 4787 signum
1474 4719 1618 4786 audierint,
1632 4739 1684 4778 tina
1697 4740 1770 4781 voce

138 4818 232 4865 satur:
251 4811 314 4879 quia
337 4810 449 4866 forsitan
474 4810 535 4864 talis
556 4809 743 4879 supervenerit
765 4811 923 4876 necessitas,
976 4806 1192 4864 benedictionem
1219 4815 1333 4877 roqent,
1366 4822 1481 4877 quarum
1513 4826 1608 4869 rocem
1629 4815 1771 4872 abbatissa

138 4916 200 4975 quse
211 4915 316 4956 moram
329 4901 429 4956 habere
444 4917 498 4955 non
512 4900 620 4956 debeat.
640 4899 710 4955 Ante
723 4915 845 4956 mensam
859 4915 925 4956 uero
976 4902 1153 4971 subsequatur
1175 4900 1289 4956 diceus:
1314 4898 1441 4955 Dominus
1464 4901 1585 4975 diquemr
1607 4902 1771 4960 benedicere,

137 5006 248 5062 semper
261 4991 408 5061 capitulum
422 4990 521 5060 requie
537 5006 621 5045 unum
635 5000 683 5046 aut
699 4991 823 5061 amplius,
839 4991 863 5046 si
876 4992 926 5047 ab·
977 4991 1035 5047 lion
1048 4992 1082 5047 ad
1097 4991 1186 5047 omitia
1197 4989 1310 5055 fercula,
1326 4990 1368 5045 ml
1386 5005 1526 5059 pomorum
1542 5008 1574 5047 ac
1585 5003 1664 5063 potos
1680 4994 1767 5049 aduri·

139 5084 246 5142 antisse
260 5082 400 5153 placuerit,
415 5082 518 5151 legatur
533 5102 539 5137 :
555 5091 587 5138 ut
599 5098 661 5138 cum
672 5083 748 5149 cibus
758 5099 868 5141 carnem
883 5099 928 5140 re·
978 5084 1164 5141 nistrationcm
1182 5081 1380 5139 obseruandum
1402 5089 1454 5140 cet.
1480 5081 1545 5137 illud
1570 5085 1703 5154 precipue
1717 5085 1767 5140 de·

139 5175 206 5240 licit,
217 5174 299 5230 lectio
308 5175 424 5228 animam
438 5175 526 5230 satiet.
543 5174 606 5231 ileo
618 5175 708 5232 omnia
720 5191 781 5233 cum
795 5178 928 5248 gravitate
977 5175 1124 5240 cernimus,
1137 5184 1168 5229 ιιι
1181 5173 1254 5229 trulla
1274 5172 1353 5228 alteri
1373 5173 1439 5228 dare
1450 5186 1484 5228 ex
1499 5186 1624 5228 mensura
1643 5187 1703 5240 stra,
1724 5173 1772 5229 uel

139 5266 222 5323 enimi
236 5275 266 5321 et
278 5265 461 5321 moderatione
472 5264 612 5332 lenibant,
625 5276 759 5336 quatenus
772 5268 800 5323 in
813 5268 855 5324 iris
868 5285 928 5324 onr-
978 5267 1102 5336 accipere
1114 5267 1148 5320 ab
1161 5267 1246 5321 altera
1257 5273 1412 5336 presumat,
1425 5273 1522 5333 preter
1536 5264 1710 5330 abbatissam,
1724 5266 1768 5322 vei

139 5355 220 5415 ubas
243 5354 371 5412 Dominus
385 5356 545 5413 delectetur.
561 5356 648 5414 Festis
662 5373 726 5414 cero
745 5358 853 5414 Domitii
870 5361 928 5418 die-
979 5357 1150 5428 prepositam
1173 5355 1216 5410 cui
1240 5355 1274 5410 ab
1297 5353 1431 5409 abbatissa
1455 5355 1629 5412 comnrissum
1654 5365 1705 5414 est.
1738 5355 1771 5412 Si

139 5462 203 5516 oua,
216 5446 245 5503 id
258 5454 310 5514 est,
325 5446 469 5504 bativlutc
487 5447 605 5517 Domini,
620 5450 662 5506 rel
676 5449 786 5507 Pascbe
800 5452 929 5508 solemni·
979 5466 1046 5509 aero
1068 5458 1115 5505 aut
1138 5448 1269 5512 novitate,
1282 5452 1331 5500 aut
1350 5444 1501 5500 temeritate
1522 5445 1612 5515 aliqua
1625 5445 1693 5514 bec,
1708 5462 1773 5516 quie

140 5546 209 5607 tate,
233 5553 266 5594 ac
288 5536 474 5608 Theophanis,
498 5540 541 5596 aei
565 5538 749 5608 Pentecostes,
769 5542 813 5598 rel
834 5543 858 5600 si
872 5559 927 5614 qua
978 5539 1200 5613 supradiximus,
1216 5534 1296 5591 inerit
1316 5544 1495 5603 transgressa,
1509 5534 1649 5604 disciplina
1670 5537 1769 5606 regula

138 5639 206 5687 suot
217 5629 271 5686 alia
281 5629 389 5687 Domini
403 5629 445 5684 vel
458 5641 613 5687 sanctorum
630 5641 778 5706 martyrum
792 5634 927 5705 precipua
978 5631 1129 5699 corneolos
1140 5642 1191 5701 pro
1204 5632 1373 5698 presumpte
1383 5624 1543 5684 temeritatis
1556 5627 1669 5686 audacia

139 5719 619 5792 malmundariensem
632 5723 723 5781 abbati
738 5739 774 5780 se
788 5724 879 5788 suerit,
893 5725 927 5781 ad
