3810 6128
127 392 178 447 tte
484 381 646 440 transulit
667 380 744 436 llON·
765 377 868 434 cubat.
889 371 1088 429 FORTUNle
1105 370 1250 429 otendit
1272 370 1361 428 PARS
1379 369 1410 426 11.
1712 368 1766 425 tsl

128 505 274 559 cnrrdnrem
290 499 358 556 rriris
371 498 547 567 opprimeret,
567 505 723 551 ornaments
739 488 918 547 trraesttruabttt
934 488 958 545 Α
972 484 1138 555 itsiqttitatem
1164 485 1221 551 ipsa
1247 493 1288 539 est
1311 484 1384 538 illata
1408 480 1551 535 calumnia.
1576 480 1653 549 Quod
1675 497 1767 537 muron

130 597 233 666 l'ulgnre
249 599 401 655 vernarent,
419 587 521 643 diritiae
541 588 609 640 intra
625 601 655 641 se
678 600 758 654 regna
774 582 920 640 conclude·
975 573 1073 629 ”billa
1093 574 1191 629 Chfilli
1215 576 1307 629 beatus
1332 573 1448 629 llllffl'lllss
1469 587 1627 643 ttulimus,
1647 574 1768 642 limitet·

131 697 189 740 rent
203 725 212 751 ,
225 686 284 752 ejus
304 681 434 749 sapientis
460 677 738 746 incomprenensibilis
759 682 919 741 emanaret,
977 666 1051 721 dolet
1071 665 1139 735 apud
1159 665 1309 719 Ariminum
1338 664 1435 717 diaboli
1458 663 1628 731 preraluisse
1651 664 1768 719 menda·

130 774 244 829 dulcedo
260 772 311 826 lari
327 766 744 838 mette·postponeres-pudicitia
761 765 922 819 incontenti·
976 758 1065 824 cium,
1090 758 1117 812 iu
1139 768 1240 811 tannim
1266 766 1294 811 nt
1315 765 1342 809 et
1360 757 1510 813 tirtentates
1535 768 1624 824 partes
1641 758 1770 813 siruiliter

976 851 1125 919 coraposito
1149 848 1287 920 pravitatis
1308 849 1366 902 luco
1387 848 1517 901 tutu-eret.
1542 848 1698 917 imperatori
1719 864 1771 903 au-

977 937 1055 995 temd
1072 940 1156 995 tribus
1168 940 1264 994 libellis
1279 938 1389 1005 oblatis,
1405 952 1496 1007 preces
1507 936 1602 992 ellodit
1617 947 1655 1001 nt,
1671 940 1696 994 in
1707 940 1770 1008 ejus

976 1042 1119 1101 conspeetu
1132 1033 1252 1087 collectis
1264 1031 1437 1094 aduersariis,
1451 1041 1523 1086 esset
1536 1031 1562 1086 ei
1575 1042 1668 1086 entttra
1682 1032 1771 1087 lisere·

977 1125 1045 1181 ticos
1058 1122 1226 1191 disceptandi
1241 1123 1276 1177 de
1295 1122 1425 1191 religione
1440 1122 1562 1189 licentia,
1579 1136 1613 1176 ue
1627 1123 1770 1177 recitarent

977 1215 1076 1271 lslsitas
1089 1214 1272 1279 obumbraret,
1294 1222 1357 1267 ene
1377 1213 1495 1282 aequitati
1522 1213 1646 1281 iniqnitas
1667 1228 1771 1280 praera-

977 1305 1054 1370 leret‚
1071 1320 1105 1360 ne
1120 1305 1266 1372 imperator
1281 1305 1335 1359 lien
1354 1306 1512 1369 resisteret,
1529 1319 1563 1358 ne
1584 1303 1644 1359 lidei
1657 1304 1773 1374 pertidia

978 1399 1131 1455 rebellaret.
1154 1396 1229 1453 Unde
1257 1395 1355 1451 Valens
1381 1404 1408 1449 et
1434 1395 1573 1464 llrsacius,
1598 1394 1774 1451 rorrscieutire

979 1501 1054 1547 reatu
1074 1490 1220 1561 perterriti,
1241 1489 1380 1558 qnoniam,
1405 1487 1428 1544 si
1452 1487 1560 1543 daretur
1583 1488 1694 1544 lacnltss
1713 1503 1775 1543 cer·

979 1584 1074 1651 tandi,
1096 1598 1158 1639 moa
1180 1599 1212 1638 se
1235 1585 1465 1653 recognoscebant
1486 1582 1580 1638 llilarii
1599 1581 1775 1639 eurrteutione

131 873 192 918 trata
207 865 381 931 persisteret,
400 861 467 914 ridor
486 860 616 914 enaritate
636 857 783 927 fragraret,
802 855 921 911 tbesanri

130 956 190 1011 sine
213 954 362 1009 delectione
382 962 545 1009 constarent.
570 951 651 1006 ltddit
671 966 735 1021 ergo
761 951 870 1005 monitis
894 960 922 1002 ut

132 1045 184 1099 iilis
201 1045 265 1099 nulli
279 1059 308 1100 se
324 1044 396 1112 prius
412 1057 426 1096 a
442 1052 528 1096 nuttre
542 1042 624 1095 dirisa
640 1041 824 1110 cottjungeret,
840 1054 921 1105 <pisant

133 1146 145 1171 ι
161 1146 190 1191 ιιι
203 1138 288 1206 patris
301 1144 469 1203 exspectaret
485 1133 651 1203 pollicitum,
666 1141 691 1186 et
707 1147 835 1200 spernunt
850 1132 922 1196 pari·

132 1235 173 1278 ter
186 1239 247 1278 curn
264 1223 441 1292 promissione
457 1232 607 1277 tentorum.
624 1221 699 1289 Quod
720 1222 791 1277 libra
807 1221 920 1276 dulciter

130 1316 278 1382 excipiens,
292 1324 320 1369 et
335 1315 410 1383 quasi
426 1328 553 1383 sponsum
569 1314 685 1367 lutrarum
706 1313 731 1366 in
748 1312 860 1381 epistola
875 1327 922 1381 pa·

132 1406 182 1460 tris
198 1406 381 1474 amplectens,
398 1406 607 1459 admonitionem
629 1414 719 1459 secuta
733 1413 795 1471 est,
812 1405 877 1459 nulli
893 1405 919 1459 iu

135 1497 260 1568 rorg‘ugio
271 1512 300 1552 se
310 1498 459 1552 resolrens.
471 1496 523 1551 Sed
535 1497 650 1566 qualiter
661 1496 694 1549 ad
709 1498 780 1551 illurn
793 1511 921 1565 sponsum

135 1593 298 1659 pervenerit,
314 1593 387 1644 loeus
402 1592 428 1643 in
443 1590 563 1659 sequenti
578 1601 710 1644 serrator.

170 1683 195 1736 7.
216 1682 319 1736 interea
331 1698 390 1737 eunt
405 1692 459 1736 toto
472 1682 537 1736 orbe
550 1681 656 1735 brianus
667 1682 777 1737 lueresis
789 1681 923 1749 perrersi·
977 1674 1123 1746 prosterni,
1136 1674 1283 1728 ⁵⁰¹¹i⁰5²²¹¹¹
1294 1673 1463 1740 *mimmii
1475 1673 1605 1741 animumn
1619 1670 1629 1710 ‘
1648 1682 1700 1726 ¹³⁰⁸
1713 1687 1774 1727 ’Μ’

135 1781 176 1825 tas
192 1772 355 1838 pullularet,
369 1772 432 1824 dato
446 1770 608 1838 generaliter
624 1772 793 1839 imperatoris
813 1772 922 1836 edicto,
980 1769 1051 1837 ligus
1065 1777 1139 1835 parte
1152 1768 1298 1835 captiuum,
1310 1777 1340 1820 ut
1355 1766 1442 1835 ipsum
1458 1766 1505 1821 ttoi
1522 1768 1607 1821 rirnm
1623 1766 1657 1821 sd
1672 1766 1774 1822 Gallias

135 1872 163 1915 ut
179 1876 272 1916 orrrnes
287 1862 437 1916 Orientales
452 1861 570 1929 episcopi
588 1861 657 1929 apud
671 1860 831 1924 Seleuciam,
848 1860 921 1914 lsau·
940 1844 963 1907 Β
978 1860 1067 1915 redire
1083 1870 1258 1929 perurgeret,
1273 1861 1404 1923 diceutes,
1425 1859 1471 1913 illo
1487 1872 1629 1929 praesente,
1645 1861 1773 1915 treretics

134 1951 182 2005 rire
196 1952 322 2019 oppidum
335 1993 343 2014 ,
358 1951 553 2017 corruenirent,
574 1950 747 2019 discepenuri
763 1951 825 2019 quid
839 1950 925 2004 senti·
979 1968 1031 2005 uon
1048 1964 1128 2019 posse
1143 1952 1357 2004 mactriuaruenta
1373 1952 1512 2019 prolicere.
1529 1949 1587 2017 Quo
1600 1952 1723 2013 obtento,
1738 1951 1774 2005 sd

134 2051 193 2097 rent
212 2042 245 2097 de
265 2042 326 2096 lldei
341 2042 472 2105 ueritate,
497 2052 558 2093 tunc
582 2042 652 2095 inter
675 2042 807 2109 reliquos,
830 2051 927 2111 quarto
980 2044 1081 2100 Gallias
1095 2043 1251 2111 compulsus
1265 2044 1418 2109 revertitur,
1433 2053 1530 2111 putans
1543 2044 1660 2113 anplius
1674 2060 1704 2099 se
1717 2045 1774 2113 pati

134 2131 187 2200 jam
201 2135 287 2190 exsilii
301 2150 373 2188 anno
386 2136 421 2188 de
437 2133 550 2203 Phrygia
566 2143 674 2189 narretur
690 2134 805 2187 llilarius
815 2135 841 2188 in
857 2149 925 2203 prae·
979 2136 1103 2191 exsilium
1117 2177 1125 2202 ,
1139 2135 1210 2202 qnod
1230 2135 1286 2190 illic
1299 2137 1527 2204 penorbsrtomm
1544 2136 1671 2191 Ecclesiae
1691 2137 1776 2190 relin-

134 2225 207 2281 dictn
222 2227 292 2292 loen,
308 2225 321 2265 l
337 2226 397 2281 data
412 2227 462 2280 sibi
479 2226 605 2295 pergendi
624 2229 774 2293 erectione,
794 2229 827 2283 ad
843 2244 926 2299 syno-
978 2228 1094 2296 prebat,
1120 2227 1236 2282 terruino
1260 2225 1464 2295 disceptationis
1489 2242 1543 2281 ιιιιιι
1568 2237 1727 2281 corrrecuto.
1752 2227 1776 2283 0

134 2319 198 2372 dom
225 2319 319 2373 renire
343 2319 523 2383 compellitor.
550 2318 600 2385 Qui
625 2319 758 2389 quoddam
788 2320 927 2375 castellum
978 2321 1087 2376 beatum
1111 2319 1276 2388 pontificem,
1293 2319 1336 2388 qui
1360 2320 1386 2372 in
1404 2334 1510 2373 summo
1524 2320 1698 2383 discrimine,
1725 2322 1778 2375 ini·

135 2411 198 2465 dutn
212 2410 329 2476 adisset,
345 2411 388 2467 die
403 2413 542 2466 [torrituieu
558 2417 692 2481 ingressus
710 2424 753 2468 est
777 2415 927 2482 templum;
978 2412 1049 2466 mico
1063 2411 1142 2465 etiarn
1157 2410 1207 2465 sibi
1227 2409 1339 2479 jndice,
1356 2409 1422 2463 adiit
1444 2411 1558 2463 tribunal
1573 2411 1697 2478 imperii,
1716 2410 1778 2466 siue

137 2519 252 2574 tuosque
266 2504 400 2559 Florentia
416 2504 504 2574 puella
524 2505 650 2571 gentilis,
672 2505 823 2575 irrumpens
839 2507 928 2561 inulti·
979 2504 1074 2557 timore
1102 2500 1252 2554 tormenti!
1280 2498 1351 2554 Vere
1382 2498 1445 2556 totis
1471 2501 1619 2555 visceribus
1645 2501 1777 2571 diligebat

137 2596 257 2651 tudinem
273 2597 374 2665 populi,
391 2610 455 2650 rore
471 2610 566 2665 artigua
582 2611 691 2650 serrum
707 2595 754 2650 liei
771 2596 833 2650 illuc
845 2595 928 2649 adre-
978 2591 1078 2647 libristi
1102 2605 1228 2660 merium,
1251 2590 1294 2660 qui
1316 2604 1368 2644 non
1392 2590 1554 2645 lurnridsbat
1575 2592 1601 2647 in
1624 2592 1779 2663 principata

136 2688 208 2743 nisse
223 2697 319 2743 testata
338 2697 399 2755 est,
422 2698 451 2743 et
468 2688 502 2742 ad
522 2687 605 2756 perles
625 2688 684 2755 ejus
705 2702 849 2742 accurrens
873 2701 927 2741 uon
979 2682 1176 2737 Constantium.
1197 2680 1263 2734 Nam
1283 2681 1355 2747 qood
1371 2695 1400 2735 se
1419 2697 1466 2749 pro
1488 2681 1601 2735 bornino
1614 2681 1654 2735 sio
1668 2681 1779 2751 ingers-

137 2780 252 2835 eessarit
267 2787 368 2848 petere,
387 2778 436 2832 nisi
453 2778 557 2845 squtrrn
573 2779 659 2832 erneis
674 2778 708 2832 ab
723 2779 781 2847 ipso
796 2778 846 2833 sibi
868 2777 927 2833 lieri
979 2775 1025 2831 bat
1038 2783 1131 2845 aperto
1146 2774 1277 2843 periculo,
1292 2775 1406 2842 optabat
1424 2774 1582 2844 martyrium
1595 2813 1603 2838 ,
1618 2775 1642 2829 si
1657 2789 1710 2829 non
1725 2774 1778 2829 de·

137 2869 251 2925 fideliter
264 2870 445 2939 impetrasset.
465 2870 550 2936 Quam
567 2868 718 2923 Florentius
732 2879 806 2937 pater
820 2876 929 2924 secutus
980 2867 1074 2923 luisset
1090 2881 1248 2935 percussum
1263 2877 1290 2921 et
1304 2879 1391 2919 turuen
1404 2871 1508 2920 arrirnus
1523 2867 1636 2935 sumpsit
1649 2866 1777 2937 glorians,

136 2973 194 3023 est,
209 2970 346 3017 eteunets
368 2960 467 3015 larnilia
483 2960 630 3013 innomine
646 2959 751 3013 liorrrini
773 2966 929 3013 rnernernnt
981 2957 1031 3011 etsi
1055 2967 1159 3026 ternpus
1179 2972 1231 3011 non
1256 2957 1345 3011 intulit
1370 2972 1487 3022 poenam.
1512 2958 1564 3013 Sed
1588 2957 1659 3012 bunc
1682 2958 1775 3027 ipsum

137 3052 237 3120 pmriter
248 3051 385 3120 baptisari.
399 3050 465 3118 Qnae
478 3050 630 3123 Florentia,
646 3051 748 3104 relictis
762 3049 927 3117 parentibus,
981 3048 1071 3103 diuino
1108 3058 1171 3103 nuto
1207 3058 1342 3102 serratum
1368 3050 1496 3104 testilieor
1532 3065 1580 3119 pro
1602 3049 1777 3105 corrections

137 3142 259 3213 vestigiis
271 3142 330 3210 rjus
343 3142 487 3203 intuereris,
500 3154 586 3207 osque
597 3138 717 3194 l‘ictaros
730 3139 858 3208 perdocta
868 3149 908 3195 est
920 3156 927 3204 ;
982 3149 1171 3196 seductorum.
1195 3141 1259 3195 b'am
1276 3157 1344 3210 pene
1357 3152 1441 3195 totoni
1457 3140 1584 3196 mundum
1598 3142 1671 3210 grad
1682 3156 1779 3197 errore

138 3241 242 3297 patrem
256 3246 320 3284 roro
333 3245 364 3284 se
381 3229 490 3295 irrisere,
508 3245 560 3283 nou
576 3245 590 3282 a
605 3242 658 3296 quo
672 3237 797 3297 generata
810 3238 863 3294 est,
880 3227 929 3283 sed
982 3232 1138 3300 contusum,
1152 3230 1230 3286 lactis
1246 3231 1385 3301 septusis
1400 3231 1486 3286 Gallia
1500 3232 1619 3301 syrrodis,
1636 3245 1684 3301 per
1700 3230 1778 3285 llils·

139 3336 280 3392 perquem
295 3329 452 3393 regenerata
466 3329 518 3383 est,
531 3319 705 3389 predicabat.
981 3328 1049 3380 rium
1072 3325 1154 3380 inisse
1168 3324 1201 3379 ati
1218 3324 1287 3379 riam
1312 3324 1431 3379 veritatis
1446 3324 1610 3390 adductum,
1632 3326 1780 3381 conlitetur

177 3411 203 3465 8.
223 3412 290 3467 Cum
304 3426 366 3467 rero
378 3410 527 3467 Seleuciam
543 3411 717 3478 perrenisset,
734 3411 930 3480 magnolasore
981 3417 1070 3488 lingon
1085 3418 1237 3472 multorom.
1250 3416 1317 3485 Quid
1332 3426 1421 3473 antem
1436 3418 1547 3471 interest
1562 3418 1587 3482 ¹¹,
1601 3416 1643 3471 rel
1657 3416 1712 3471 sibl
1724 3431 1776 3486 pra

140 3505 276 3560 arurrctis
294 3515 422 3573 exceptos
437 3516 494 3571 est,
511 3504 628 3576 eoquod
643 3505 732 3559 tliriua
748 3505 929 3560 misericordia
981 3518 1081 3561 aeterna
1096 3508 1149 3562 rita
1176 3506 1275 3561 laetum
1298 3506 1380 3561 inisse
1406 3515 1570 3575 martyrem,
1593 3505 1637 3560 rel
1662 3506 1781 3575 amplius

141 3597 222 3651 taleni
234 3597 319 3650 sirum
334 3596 581 3665 prudentissimum,
598 3605 626 3651 et
638 3596 768 3665 singulari
781 3595 931 3652 eruditione
982 3598 1100 3664 risisse,
1127 3597 1223 3667 reliqui
1248 3611 1282 3651 ne
1309 3596 1451 3665 perirent?
1475 3595 1556 3663 igitur
1579 3593 1779 3649 satietissimam

141 3698 329 3755 compertum,
346 3687 372 3741 in
387 3688 569 3754 spectaculum
585 3686 674 3741 muudi
692 3688 864 3756 produxerit,
886 3686 930 3743 ubi
982 3692 1098 3745 animam
1112 3690 1162 3744 etsi
1183 3689 1288 3759 gladius
1304 3688 1486 3758 persecutoris
1508 3703 1561 3743 non
1581 3687 1705 3756 abstulit,
1720 3687 1780 3757 pal·

139 3788 199 3835 erat
217 3778 318 3833 deiide
339 3778 513 3833 oensendnm.
538 3778 605 3832 llinc
623 3787 681 3847 post
704 3778 930 3833 examinationem
982 3796 1053 3835 mam
1069 3791 1159 3835 tarrreu
1173 3780 1295 3852 rrrartyrii
1311 3796 1366 3834 urin
1382 3779 1481 3833 arnisit.

140 3869 239 3938 agnitis
254 3870 375 3925 lrostibus
388 3878 415 3925 et
426 3871 573 3940 oppressis,
586 3871 703 3927 decretis
714 3871 851 3941 inscripto
863 3885 931 3925 con·
1018 3873 1045 3929 9.
1066 3873 1155 3943 itaque
1167 3873 1230 3928 doru
1244 3871 1433 3943 regrederetur
1450 3871 1482 3923 ad
1499 3870 1622 3937 propria,
1640 3880 1705 3922 tnnc
1716 3869 1780 3923 bea·

138 3962 217 4027 ditis,
238 3975 365 4030 prospera
379 3976 476 4031 gerens
496 3962 590 4032 synodi
611 3961 644 4016 ad
659 3962 847 4030 imperatorem
867 3961 932 4017 diri·
983 3974 1025 4021 tus
1039 3966 1177 4030 liastinus,
1193 3980 1268 4034 suque
1280 3964 1435 4018 meritorum
1448 3962 1547 4016 tonum
1563 3960 1571 3999 ¹
1587 3976 1639 4015 nort
1652 3961 1770 4015 abscen-

138 4054 211 4123 gitur
233 4053 331 4122 legatio
346 4072 353 4107 :
370 4068 431 4108 com
447 4069 498 4124 qna
522 4055 640 4124 porrexit
655 4064 765 4112 sanctus
787 4054 906 4110 llilsrius
921 4097 930 4123 ,
983 4069 1038 4120 sus,
1052 4055 1096 4120 qn
1108 4055 1245 4109 abeodem
1259 4064 1352 4108 sancto
1365 4052 1465 4107 lliiario
1476 4053 1609 4106 exorcista
1622 4060 1666 4104 est
1677 4060 1777 4118 postes

139 4146 260 4213 rpramris
273 4146 297 4199 ei
312 4160 364 4199 uon
380 4145 473 4200 luisset
486 4145 648 4215 injunctum,
665 4158 785 4202 metuens
796 4162 830 4202 ne
844 4146 932 4203 adbuc
983 4144 1152 4214 coristitntus,
1167 4145 1273 4213 cognito
1289 4146 1405 4200 advento
1419 4143 1496 4213 ejus,
1513 4144 1624 4199 {tomam
1644 4142 1779 4198 lestinan·

138 4245 231 4289 eontra
247 4235 385 4305 religionis
401 4235 526 4306 dogmata
543 4236 687 4305 respiraret
701 4237 827 4292 danruata
849 4236 931 4306 perli-
984 4251 1025 4294 ter
1036 4239 1163 4293 ocerrrrit.
1178 4238 1261 4304 Quem
1276 4252 1335 4290 cum
1348 4237 1403 4305 jam
1418 4234 1577 4305 praeteriisse
1589 4242 1779 4304 cognosceret,

141 4326 197 4381 dia.
212 4327 265 4382 Sed
277 4326 413 4382 disserere
423 4326 532 4396 longum
546 4336 586 4382 est
600 4327 714 4395 qualiter
727 4329 754 4382 in
769 4328 932 4384 Ariminensi
983 4343 1069 4398 usque
1084 4327 1117 4381 ad
1132 4326 1231 4382 Gallias
1250 4336 1411 4382 consecutos
1425 4334 1476 4382 est.
1496 4325 1586 4394 Neque
1600 4326 1672 4380 enim
1685 4324 1780 4379 Marti·

142 4415 258 4490 syuodo,
274 4417 445 4488 ecomposita
458 4417 595 4472 mentione
607 4417 679 4471 aliud
690 4432 722 4472 er
734 4417 787 4472 alio
799 4419 929 4485 referens,
984 4435 1054 4485 nus,
1069 4419 1114 4488 qui
1135 4420 1223 4475 adbuc
1245 4419 1455 4475 catechumenus
1474 4417 1609 4473 Curictum
1630 4416 1780 4487 elrlampde

141 4506 213 4562 iraos
230 4505 353 4561 haeretica
368 4506 522 4573 serpentino
539 4506 612 4574 lapsu
628 4506 809 4574 subrepserit,
824 4516 852 4562 et
865 4522 932 4577 quo·
947 4527 1033 4612 ¹,sua
1049 4520 1147 4566 tectum
1163 4510 1256 4565 ridere
1274 4511 1392 4576 meruit,
1415 4510 1454 4565 iili
1469 4510 1582 4565 deuotus
1602 4516 1779 4571 occurreret.

142 4595 223 4655 ruodo
244 4606 337 4665 postea
352 4595 447 4664 legetis
469 4595 675 4653 Seleucensibus
693 4611 741 4667 per
761 4598 933 4667 imperatoris
986 4604 1036 4659 uisi
1052 4617 1099 4672 per
1110 4601 1198 4656 enrnia
1213 4600 1349 4672 mysteriis
1365 4603 1471 4672 plenum
1486 4603 1512 4657 in
1525 4616 1559 4657 ee
1569 4600 1695 4670 spiritum
1709 4614 1781 4670 prrs-

177 4712 191 4741 ⁸
212 4704 349 4759 ltsCoder
371 4703 520 4773 compend.
535 4705 584 4760 tltt
600 4721 675 4770 sero,
689 4716 933 4780 atpatremerspe-
984 4720 1235 4784 prorepserunt
1258 4712 1394 4782 captiuam.
1416 4713 1513 4769 Ceteri
1534 4727 1600 4768 reru
1620 4711 1707 4777 libri,
1720 4712 1779 4781 p'sn

142 4783 220 4829 staret
235 4774 282 4827 sibi
301 4775 456 4845 pollicitum.
479 4777 565 4831 Antea
588 4777 614 4829 in
630 4790 742 4846 qrntnor
767 4778 845 4845 bles..
861 4784 933 4847 prins
984 4801 1077 4851 neuque
1090 4800 1122 4837 es
1137 4792 1208 4851 porte
1220 4784 1356 4851 ropfirnm.
1372 4784 1456 4839 ltusst.

142 4846 209 4898 mole
223 4844 313 4909 diuiso,
329 4860 382 4898 non
397 4848 468 4915 prins
482 4864 497 4899 a
513 4864 592 4900 strare
606 4848 696 4902 ‹linia-o.
715 4848 801 4902 troes.
1021 4844 1034 4902 ι’
1054 4854 1139 4915 Editi,
1164 4853 1318 4915 attritorum,
1341 4853 1517 4908 renitentibus
1540 4852 1675 4922 plerisque
1697 4852 1778 4918 lisa,

178 4914 192 4954 ὓ
215 4915 318 4985 Aliquot
332 4916 407 4979 lise,
422 4917 482 4969 dato
495 4918 617 4979 rectione,
633 4920 674 4973 rel
692 4920 826 4972 erectione.
844 4918 933 4990 Sulpi·
983 4925 1079 4991 qubus
1103 4923 1263 4991 suffragatur
1286 4923 1349 4977 illrnl
1371 4922 1493 4993 Sulpicii,
1522 4938 1581 4991 pag.
1603 4921 1657 4977 262
1674 4939 1680 4975 :
1700 4923 1779 4991 Opti·

145 4988 204 5041 rios
214 4982 290 5050 Sem,
302 4986 362 5039 tinto
373 4987 506 5040 erectionis
517 4988 600 5057 copis.
613 4988 731 5043 llabenrr
744 4988 789 5042 tin.
803 5004 849 5051 xit,
864 4992 931 5045 Cori.
984 5012 1053 5048 arsut
1075 4995 1143 5064 [meu
1161 4995 1309 5057 arbitratus,
1332 5008 1451 5049 reuocare
1473 5004 1576 5048 cunctor
1596 4994 1631 5046 ati
1652 4996 1780 5061 poertt'tett·

142 5058 177 5112 tie
196 5071 275 5111 cursu
297 5057 403 5123 publico
418 5076 424 5110 :
448 5056 612 5111 Erectionnns
626 5060 744 5124 copiam,
767 5075 825 5112 cum
850 5062 932 5123 prod·
984 5067 1057 5128 tiam,
1072 5064 1244 5134 [repitentibus
1257 5065 1326 5117 irttro
1341 5061 1441 5119 Gallias
1453 5063 1578 5125 conciliis,
1591 5073 1646 5117 ete.
1660 5061 1749 5119 linea.

142 5128 251 5181 rissendi
266 5129 300 5181 orl
315 5143 360 5182 ires
381 5137 515 5183 arcessitur
530 5129 617 5200 (sterit,
637 5130 759 5184 serenitas
779 5141 867 5184 nostra
880 5131 933 5184 lor-
1018 5133 1032 5172 h
1054 5138 1080 5189 ln
1104 5134 1232 5203 Vulgatis,
1253 5132 1293 5186 rel
1313 5135 1356 5199 si,·
1378 5136 1404 5188 in
1427 5134 1547 5203 pluribus
1567 5132 1644 5195 lise..
1666 5132 1708 5187 rei
1732 5150 1779 5199 se,

141 5199 194 5269 gito
207 5208 254 5251 est.
269 5199 353 5252 lineat.
985 5206 1067 5274 nsagtr
1083 5207 1168 5273 quincei
1184 5220 1243 5258 curn
1260 5204 1419 5272 potioribus,
1441 5206 1480 5259 nel
1494 5206 1553 5269 sibi,
1570 5207 1621 5259 ltoe
1636 5212 1689 5269 est,
1706 5202 1779 5274 quoti

180 5279 191 5307 ι
214 5269 363 5335 legendnm
394 5269 463 5323 trarrd
490 5269 569 5324 dubie
594 5269 751 5323 mritlitioae.
780 5269 834 5323 litte
860 5272 932 5324 erint
983 5278 1033 5331 sibi
1050 5275 1261 5343 rrrriprplqisspt
1278 5275 1363 5328 lippo,

143 5338 243 5394 dicturo
257 5348 298 5392 est
311 5339 345 5393 tle
359 5339 496 5394 tuendario
509 5340 681 5403 arianorum,
694 5355 748 5407 qno
763 5355 855 5394 rorem
869 5344 932 5395 sub-
1022 5347 1031 5384 1
1053 5347 1193 5413 birtiqrrinr
1208 5344 1270 5398 ttss.
1287 5345 1379 5405 colb..
1399 5360 1451 5397 nott
1466 5345 1596 5399 obscuras.
1613 5342 1679 5397 rom
1696 5342 1782 5399 com·

146 5411 251 5464 stantite
273 5409 306 5464 ab
320 5409 502 5465 Orientalibus
520 5410 629 5464 ιιιιιιιίιιο
650 5412 740 5476 respui
765 5408 934 5477 irnprulenter
983 5418 1065 5488 pepp,
1079 5435 1085 5470 :
1098 5420 1142 5485 qm·
1154 5416 1187 5469 ab
1201 5414 1303 5469 littaris
1315 5416 1449 5483 defensore
1460 5428 1547 5470 rausero
1558 5415 1696 5476 exercista,
1710 5423 1780 5479 etc.,

146 5482 249 5535 ruentiti
266 5489 337 5535 sunt.
362 5480 389 5534 ln
410 5479 473 5536 liss.
490 5481 649 5550 Corripere..
671 5480 838 5551 conrposittmt
860 5498 932 5537 meu·
983 5490 1082 5542 omissa
1098 5502 1163 5541 uoce
1187 5496 1286 5553 postea,
1312 5502 1392 5555 quatri
1416 5501 1463 5550 per
1477 5488 1607 5556 glossema
1637 5485 1689 5537 bne
1711 5484 1783 5539 irre·

143 5550 352 5629 ‹incimmlrnem
986 5559 1073 5623 psisse
1099 5567 1193 5613 censet
1209 5556 1363 5610 bollandus.
1389 5556 1463 5610 Alias
1478 5566 1551 5610 «erte
1575 5563 1709 5626 pugnaret
1736 5553 1784 5610 bie

181 5616 193 5655 ὖ
213 5624 257 5673 Sre
270 5621 401 5689 Sulpicius
417 5620 532 5675 seuerus
548 5622 595 5676 iili.
612 5638 641 5677 u.
984 5628 1148 5683 Fortunatus
1162 5643 1223 5681 rnrn
1239 5628 1376 5696 Sulpicio,
1393 5629 1437 5694 qui
1454 5626 1594 5681 bladinum
1613 5625 1649 5678 ab
1664 5623 1782 5691 llilarin,

168 5688 243 5771 ‚⁶.¹¹'
264 5688 400 5771 Votgatts,
413 5706 444 5743 ae
459 5689 593 5745 Trinitatis
613 5692 674 5759 pter
694 5692 836 5761 iniqnitatis
855 5696 932 5767 perfi-
983 5709 1126 5764 antequam
1138 5697 1283 5765 exsularet,
1297 5698 1457 5753 exorcistam
1472 5696 1624 5755 ordinatum
1635 5708 1699 5751 esse
1711 5694 1783 5755 seri·

145 5760 189 5815 tlan
203 5759 400 5827 interpolatoris
414 5775 506 5826 opera.
524 5762 593 5816 lios.
611 5764 638 5817 S.
652 5760 741 5817 Maon.
984 5769 1031 5825 bit.
1048 5769 1134 5824 isoes.

183 5828 191 5867 ¹
213 5828 256 5885 stc
280 5830 396 5900 potiores
418 5830 633 5888 lestussum
653 5831 770 5901 eColb,
788 5843 839 5889 tour
856 5836 930 5893 ntolt'·
