3810 6128
139 294 207 350 leet
550 289 682 350 saecul..
703 289 749 347 ill
767 287 813 346 ET
832 287 890 346 titt
910 286 1176 349 secsesttsstct
1194 288 1415 349 ltdliuttettes.
1689 303 1756 363 {308

133 409 319 474 quaeserunt
332 418 348 457 a
363 401 407 458 die
421 407 565 471 presente,
590 402 679 472 abqse
701 401 783 457 ultius
811 400 924 456 terroris
936 403 961 463 Α
973 399 1177 467 condustrinse,
1189 401 1311 470 caldina,
1327 401 1463 472 llosania,
1488 405 1623 479 iiarsipio
1649 420 1679 468 et
1698 412 1763 472 lin.

132 491 356 555 contradictione,
372 491 424 548 boe
437 490 465 544 in
475 490 638 557 conuiuium
648 496 677 544 et
695 487 877 544 dominatione
886 489 920 545 ad
971 488 1040 552 sina,
1056 505 1161 545 necnon
1176 499 1204 546 et
1216 491 1309 559 liudis,
1321 491 1451 560 Pronum,
1475 496 1580 564 llalma,
1592 509 1620 556 et
1633 500 1711 559 llaist
1736 508 1764 563 in

133 581 267 651 mtegram
281 582 412 652 recipiant
422 580 455 636 sd
469 580 703 651 possiderrdnm,ct
713 580 813 635 laniant
823 580 921 637 exinde
971 578 1078 634 Gnoldo
1093 594 1198 650 manso,
1210 580 1330 637 Solonis.
1354 581 1484 641 Similiter
1498 597 1525 641 et
1539 589 1629 644 viliam
1643 607 1704 662 qnae
1715 610 1765 651 vo.

132 672 262 742 quidquid
280 673 345 727 utile
356 680 397 728 est
410 670 482 741 qnod
497 670 630 739 eligerint.
647 669 675 724 st
689 668 750 738 quis
761 684 835 734 sero,
848 667 920 738 qnod
970 676 1048 725 eatur
1068 669 1209 727 wadalino
1228 687 1290 727 curn
1311 675 1434 730 omnibns
1448 678 1611 747 appenditiis
1623 682 1689 748 scis,
1705 683 1763 742 iln-

134 762 253 818 luturum
271 776 331 817 esse
349 777 402 818 non
415 760 513 828 credo,
538 761 561 815 si
587 773 638 830 eqo
652 760 710 829 ipse
735 766 780 814 aut
794 758 864 814 ullus
887 759 920 814 de
970 757 1024 826 dis,
1037 757 1140 830 olisna,
1154 761 1274 827 &rasim
1290 760 1423 820 Palatiolo
1436 775 1465 821 et
1479 764 1623 836 meante,
1635 772 1669 827 ad
1692 773 1765 844 ipsas

133 851 278 908 heredibus
292 853 333 907 rel
344 849 414 924 [seu]
424 851 625 908 suecessoribus
636 850 714 916 meis,
724 864 772 905 seu
794 849 921 920 quislibet
944 877 957 889 ν
970 864 1048 905 casas
1062 851 1109 906 liei
1123 852 1282 909 tradidimus
1295 863 1377 925 atque
1389 857 1591 915 transcribimus
1605 875 1626 914 a
1636 860 1679 916 die
1691 877 1762 932 pru·

131 949 277 997 extraneus
291 942 389 996 nobilis
413 956 528 1013 persona
553 941 633 996 inerit
654 954 725 1011 quae
750 947 844 996 eontra
869 941 921 994 boe
969 948 1048 996 sente
1066 954 1118 1009 epo
1130 941 1339 1007 llarlemannus,
1352 957 1402 1014 pro
1414 947 1510 1002 ammae
1523 951 1689 1014 nostraene!
1708 952 1762 1008 Διι-

133 1028 287 1086 donationis
302 1038 492 1086 testamentum
511 1029 605 1086 venire
624 1038 671 1083 aut
693 1043 753 1084 eam
775 1028 922 1099 infringere
970 1029 1054 1097 plino,
1070 1037 1100 1084 ut
1114 1031 1211 1087 molitu
1225 1032 1265 1087 eis
1276 1031 1403 1099 delectet,
1418 1047 1468 1102 pre
1487 1050 1539 1090 nos
1551 1036 1596 1091 rel
1618 1037 1761 1093 stabilitate

128 1120 363 1188 conanensium
380 1121 426 1175 bel
438 1120 631 1191 omnipotentis
650 1119 781 1186 incurrat,
789 1118 920 1187 judicium
970 1119 1047 1187 repul
1061 1120 1146 1175 nostri
1160 1119 1186 1186 b,
1203 1121 1308 1176 bomini
1335 1123 1547 1179 misericordiam
1562 1127 1693 1183 mtenum
1715 1127 1761 1183 de·

131 1217 160 1265 et
173 1209 312 1275 offensam,
325 1219 353 1266 et
366 1226 428 1266 eum
444 1211 509 1281 ipsis
523 1211 624 1265 sanetis
638 1209 768 1278 apostolis
791 1207 873 1264 Petro
892 1218 921 1266 et
970 1209 1089 1281 precari,
1102 1211 1129 1264 ln
1152 1225 1185 1266 ea
1199 1211 1303 1268 scilieet
1314 1212 1428 1276 ratione,
1444 1221 1473 1268 ot
1486 1214 1617 1281 quamdiu
1640 1217 1697 1286 ipse
1708 1218 1761 1272 Διι-

132 1299 216 1357 1ιιιΙο
230 1309 258 1356 et
271 1309 366 1358 sarreto
380 1299 495 1356 llartino
521 1308 669 1369 sanctoque
690 1299 808 1365 sentino,
822 1300 923 1371 quibus
971 1303 1058 1373 plinus
1071 1303 1212 1370 advixerit,
1228 1305 1299 1374 ipsas
1311 1319 1356 1360 ses
1366 1305 1497 1360 usualiter
1510 1307 1639 1363 excolere
1645 1308 1759 1376 debeat;

131 1390 218 1459 ipsam
243 1393 338 1448 cellam
353 1392 549 1461 delegavimus,
577 1400 640 1446 ante
664 1391 781 1446 tribunal
796 1391 847 1464 spi
870 1393 919 1450 de·
970 1400 1009 1460 et,
1023 1395 1046 1450 si
1060 1407 1146 1464 nepos
1164 1408 1229 1450 smus
1243 1394 1353 1450 nomine
1369 1393 1517 1452 Gotbaldus
1535 1396 1612 1452 illem
1626 1408 1761 1470 superstes

128 1484 212 1540 ducat
236 1485 368 1539 rationem
379 1491 407 1538 et
419 1482 455 1538 de
468 1498 562 1538 eorum
576 1481 714 1537 aecclesiis
738 1485 922 1540 excommuni·
971 1485 1061 1549 luerit,
1075 1485 1158 1556 ipsius
1172 1484 1344 1555 Uuadelino,
1369 1484 1472 1556 absque
1499 1483 1658 1557 praejudicio
1670 1497 1699 1544 et
1714 1505 1761 1561 pet·

130 1582 207 1630 catus
218 1583 245 1631 et
255 1583 401 1630 extranens
415 1573 557 1639 elliciatur,
573 1573 596 1628 si
613 1587 643 1628 se
654 1573 751 1629 exinde
762 1589 811 1644 per
823 1576 920 1644 poeni·
971 1575 1092 1644 precaria
1108 1574 1150 1630 sel
1163 1589 1324 1631 eonsensum
1341 1575 1453 1645 ipsius,
1472 1576 1614 1632 monachis
1634 1577 1760 1647 prediuo

131 1665 234 1721 tentiae
242 1664 417 1733 asperitatem
443 1671 669 1732 noncomparat;
689 1671 717 1718 et
731 1663 839 1734 insuper
853 1663 920 1720 inle-
973 1663 1122 1720 ilnadelino
1138 1665 1284 1721 tenererel
1304 1665 1553 1732 esoobnedebeas,
1574 1668 1704 1724 sisenile
1716 1669 1758 1725 de-

130 1762 183 1821 rat,
197 1765 309 1824 eopente
324 1756 412 1822 liseo,
435 1755 543 1824 duplam
555 1755 734 1810 substantiam
748 1793 758 1821 ,
786 1765 919 1827 qnantum
933 1759 957 1819 Β
970 1756 1113 1811 maritione
1123 1765 1226 1811 tannim
1240 1756 1293 1812 iste
1303 1756 1427 1826 superine
1446 1756 1622 1812 denominata
1638 1766 1722 1814 tote·
1734 1767 1761 1814 et

130 1853 196 1901 trrnc
212 1846 339 1916 temporis
361 1845 417 1918 ipsa
443 1844 511 1901 cella
536 1844 693 1900 emeliorata
719 1845 857 1914 raserit,
877 1846 921 1902 rel
970 1846 1005 1902 ad
1020 1846 1154 1916 integrum
1168 1846 1367 1903 tradoetdooo
1380 1847 1414 1903 ad
1427 1847 1511 1918 ipsius
1523 1847 1701 1915 monasteria,
1714 1865 1761 1921 pro

129 1943 260 2005 quantum
278 1949 330 2004 ego
343 1935 463 1991 moriens
489 1934 661 2004 relinquero,
683 1934 821 2004 duplicare
844 1949 922 2004 eoga-
971 1937 1068 1993 anime
1080 1945 1186 2004 umere,
1198 1939 1243 1994 sel
1254 1938 1372 2008 soplluo
1384 1938 1474 1995 abbati
1494 1949 1599 2008 noune,
1616 1940 1759 2006 boesnru,

131 2039 185 2092 tur,
201 2042 253 2084 nee
266 2029 339 2097 quod
354 2029 471 2098 reppetit
496 2028 648 2084 evindicare
668 2028 771 2093 ualeat,
790 2029 922 2086 sedbaee
972 2030 1060 2096 terris,
1069 2027 1199 2099 aediliciis,
1214 2030 1527 2100 accolabru,'maneipiis,
1539 2032 1637 2101 pratis,
1650 2032 1758 2101 eampis,

130 2118 240 2176 donatio
254 2134 331 2176 meae
346 2119 478 2176 mercedis
493 2120 566 2175 omni
592 2127 714 2189 tempore
727 2119 803 2174 llnna
815 2134 921 2190 perma-

133 2221 267 2269 nestcum
280 2211 453 2282 stipulatione
467 2211 592 2266 subnixa.
615 2211 711 2267 ictum
724 2209 811 2268 sitdiu
824 2225 921 2266 mona-

131 2302 215 2358 sterio
237 2301 343 2371 puplice
366 2317 412 2356 ιιιι
434 2300 564 2356 kalendas
586 2300 717 2369 Augusti,
746 2315 817 2355 anno
832 2316 861 2356 ιιι
879 2316 923 2356 re·

115 2433 116 2436 .
130 2398 230 2462 potante
240 2390 341 2446 dornno
363 2399 457 2446 nostro
476 2388 627 2446 Cbilderico
640 2389 833 2458 gloriosissimo
847 2405 920 2460 repe.

166 2480 223 2550 spo
238 2479 312 2535 selis
326 2481 379 2536 lioc
393 2487 583 2536 testamentum
607 2494 680 2534 ame
703 2478 805 2534 lactum
828 2480 922 2549 relegi.

972 2118 1090 2188 pascuis,
1116 2119 1193 2188 aquis
1216 2133 1380 2187 aquarumve
1403 2120 1571 2184 decursibus,
1594 2121 1763 2188 adjacentiis,

972 2207 1154 2275 appenditiis,
1181 2207 1317 2277 peculium
1344 2207 1483 2277 utrimque
1516 2224 1621 2276 senus,
1655 2211 1762 2265 mobili-

972 2297 1023 2354 bus
1034 2306 1064 2354 et
1078 2298 1269 2365 immobilibus,
1284 2313 1390 2356 necnon
1400 2309 1429 2356 et
1439 2300 1466 2354 in
1480 2298 1616 2369 praedietis
1640 2301 1759 2368 ioosttu,

972 2389 1120 2456 mansellis,
1133 2390 1160 2445 in
1178 2390 1245 2447 locis
1258 2389 1353 2446 llosali
1365 2399 1393 2447 et
1402 2384 1619 2461 sarsenaqud
1643 2391 1760 2448 bominee

972 2478 1058 2532 nostrl
1070 2494 1101 2534 es
1114 2494 1214 2548 qenere
1238 2479 1430 2537 condustrensi
1442 2480 1483 2538 bis
1497 2481 1662 2548 nominibus,
1673 2483 1759 2538 adai·

129 2570 156 2645 †
169 2571 225 2641 Sip.
237 2571 333 2627 illustri
346 2569 571 2639 siriClrrodgnrii.
581 2569 602 2640 †
613 2569 670 2638 Sip.
686 2568 826 2625 liimberri.
842 2569 921 2640 siffis
974 2583 1034 2635 nus,
1045 2579 1073 2623 et
1098 2569 1253 2638 seibertus,
1268 2569 1387 2639 Bertepis
1405 2580 1435 2626 et
1459 2570 1656 2629 dstremnndus
1669 2581 1760 2629 tenue·

131 2658 788 2734 (1666161513.(16601611.ὃῑςήῦιιιιιΙιειιὶηι
800 2659 920 2714 liramni.
970 2668 1043 2727 runt,
1066 2676 1128 2715 eunt
1142 2661 1207 2731 ipsis
1218 2660 1355 2730 jamdictis
1366 2661 1519 2719 hominibus
1540 2664 1665 2732 superins
1676 2666 1760 2721 nonti-

132 2750 155 2824 †
178 2750 280 2806 Erlnlll.
297 2748 480 2821 pctodbatdi.
503 2750 523 2820 †
549 2747 762 2819 Cluildebaldi.†
783 2747 923 2802 Gurubarli
971 2752 1051 2811 natis,
1064 2751 1194 2821 qudquid
1218 2751 1348 2808 moderno
1374 2761 1496 2821 tempore
1510 2752 1568 2821 ipse
1579 2753 1707 2822 sogiinns
1722 2754 1760 2806 ri·

132 2840 301 2910 mauturii
322 2839 479 2896 Cberiuuni.
510 2837 733 2909 †llustrolraldo
762 2839 922 2895 centenarii.
972 2857 1018 2896 sus
1031 2840 1081 2896 luit
1095 2850 1197 2907 terrere,
1211 2852 1241 2898 et
1254 2843 1363 2898 inantea
1375 2844 1504 2912 quidquid
1523 2844 1625 2900 ibidem
1638 2844 1764 2899 laborare

131 2928 319 2999 †Gumerddi.
331 2928 349 3000 †
360 2928 510 2983 berdberti.
526 2927 546 2998 †
570 2927 722 2983 Nordberti.
737 2926 757 2997 †
772 2926 828 2996 Sip.
852 2928 925 2982 ilua·
973 2940 1019 2985 aut
1030 2931 1256 3001 atrpmeutarevel
1270 2933 1408 2989 attrahere
1426 2934 1562 3003 potuerit,
1588 2935 1625 2989 ad
1652 2936 1759 3006 pretam

132 3021 215 3090 niupi.
227 3025 245 3091 †
257 3019 313 3088 sig.
329 3017 512 3073 summouiol.
522 3016 606 3088 †Slp.
619 3014 786 3086 Uuidprimo.
802 3017 847 3089 (ln
858 3033 958 3100 epo-c
974 3021 1135 3077 monasteria
1149 3023 1176 3076 in
1191 3022 1363 3094 eleemosyna
1378 3033 1469 3080 nostra
1482 3025 1523 3080 rel
1534 3040 1592 3093 stra,
1610 3036 1672 3096 poet
1684 3043 1762 3083 soum

117 3111 232 3182 propio
248 3110 315 3165 liiii.
331 3127 384 3181 rep.
407 3117 519 3164 motetus
542 3117 582 3164 est
597 3109 662 3164 ordo
678 3110 828 3176 nominum,
848 3109 923 3163 nrtlin
973 3126 1082 3183 quoque
1101 3111 1247 3167 discessum
1279 3113 1378 3168 ibidem
1400 3122 1550 3169 reuertatur
1579 3116 1683 3186 absque
1709 3116 1758 3169 olla

132 3213 217 3257 tumen
231 3204 346 3272 meunt.)

168 3292 226 3360 eno
237 3293 368 3350 ilioradus
381 3292 433 3349 lroe
448 3300 648 3359 testamentum,
660 3297 771 3360 rogatus
790 3304 806 3347 a
832 3289 923 3347 selice

132 3384 294 3456 presbitero,
310 3385 407 3453 scripsi
419 3393 446 3439 et
455 3384 613 3452 subscripsi.

466 3492 590 3566 pxxtv.

131 3585 229 3642 Cirnrtu
243 3602 293 3656 quu
305 3583 501 3647 Gariomannus,
517 3582 717 3652 majordomus,
731 3583 800 3637 donn
822 3584 923 3654 coniert

168 3657 332 3712 monasteriis
349 3653 498 3710 stabulensi
522 3665 547 3709 et
561 3651 797 3711 iiolnruusiurieusi
821 3654 920 3706 ‘ioum

167 3725 242 3797 116).

168 3816 270 3873 lceirco
298 3830 348 3887 eso
370 3815 585 3881 llarlemannus,
607 3810 826 3883 major-(lomus,
853 3809 922 3867 lilius

132 3905 373 3976 quondnmliaroii,
386 3906 518 3960 donamus
530 3904 714 3972 donatumque
729 3901 755 3955 in
762 3909 922 3973 perpetuum

133 3997 366 4053 esserolomosin
383 3997 551 4066 eleemosyna
566 4002 668 4058 nostra,
683 3993 725 4049 rel
743 3993 857 4063 Anglino
875 3992 924 4048 ab·

131 4087 190 4145 bati
200 4098 304 4156 nostro,
319 4089 352 4144 ad
373 4088 538 4144 monasterio
557 4087 701 4142 stabulaus
715 4100 763 4141 seu
789 4085 922 4140 ilalmun·

132 4181 226 4248 dario,
245 4190 402 4237 constructo
425 4180 452 4235 in
475 4179 580 4234 honore
604 4177 711 4250 patroni
725 4176 812 4232 nostri
836 4175 922 4233 saneti

132 4273 206 4332 Petri
221 4284 249 4332 et
259 4278 344 4332 sancti
358 4276 435 4343 Paul,
445 4292 494 4333 seu
506 4284 535 4332 et
551 4276 637 4333 sancti
651 4274 759 4330 llartini
783 4274 826 4331 rel
848 4281 924 4331 cete-

131 4381 224 4427 rorum
238 4375 385 4438 martyrum
410 4366 648 4437 quorumpipnora
672 4363 770 4420 ibidem
797 4363 921 4420 venerari

134 4465 302 4522 noscuntur,
322 4457 365 4512 ubi
390 4457 517 4525 tostinus
539 4456 629 4524 abba,
655 4454 762 4511 Christo
784 4455 919 4524 propitio,

133 4561 260 4617 praeesse
275 4547 443 4604 dinoscitur:
459 4549 592 4613 bocsunt,
607 4546 685 4601 villas
703 4546 780 4616 eujus
791 4545 920 4602 voeabula

973 3202 1198 3261 contradictione.
1209 3202 1239 3259 si
1252 3204 1313 3272 quis
1322 3218 1398 3270 sero,
1408 3205 1480 3272 qnod
1499 3206 1620 3260 luterum
1635 3221 1695 3262 esse
1708 3221 1761 3261 serr

973 3295 1066 3360 eredo,
1075 3302 1170 3351 contra
1183 3294 1254 3350 banc
1266 3293 1416 3351 traditionis
1429 3303 1529 3350 nostrae
1543 3296 1760 3351 constitutionum

974 3388 1062 3442 lacere
1074 3387 1285 3457 praesumpserit,
1297 3385 1397 3454 jndicio
1409 3402 1594 3444 suceessorum
1607 3395 1761 3443 nosuornm

974 3490 1069 3547 regum
1090 3492 1152 3533 enm
1176 3476 1344 3546 reliquimus.
1369 3477 1479 3533 l'nctnm
1507 3486 1549 3533 est
1574 3477 1761 3548 astipulatione

973 3569 1097 3634 subnixa,
1113 3570 1139 3623 iu
1154 3568 1215 3624 silla
1227 3567 1367 3636 wasidio,
1388 3568 1504 3638 publice,
1514 3568 1565 3622 sub
1577 3568 1623 3622 die
1636 3568 1707 3638 qrrod
1720 3565 1760 3621 le·

972 3657 1013 3712 cit
1026 3658 1126 3712 mensis
1137 3657 1233 3714 innius
1246 3657 1303 3712 dies
1316 3657 1343 3727 si
1359 3696 1367 3724 ,
1393 3665 1526 3726 regnatne
1548 3656 1670 3713 llildriso
1688 3672 1759 3729 repe.

973 3747 1084 3817 signum
1098 3749 1209 3806 illustris
1217 3750 1267 3805 riri
1277 3748 1460 3812 liarlemanui,
1472 3747 1702 3816 majoris-domus.
1717 3747 1760 3803 Si·

973 3854 1055 3909 pnom
1076 3840 1180 3895 illuster
1205 3841 1247 3896 eir
1260 3839 1386 3908 brunone
1406 3837 1462 3893 lilio
1483 3835 1540 3906 ejus
1564 3840 1759 3894 consentiente.

973 3932 1031 4003 sno
1041 3932 1185 3989 llildradus
1198 3931 1376 3989 cancellarius
1387 3937 1498 4000 rogatus
1507 3929 1560 3985 lsoe
1573 3936 1761 3986 testamentum

971 4024 1068 4095 scripsi
1081 4031 1110 4080 et
1122 4024 1278 4094 subscripsi.

1315 4155 1418 4213 lxxv,

960 4270 1103 4327 ‚Placitum
1126 4269 1411 4343 prosterneremur
1429 4268 1536 4328 domus,
1558 4283 1680 4321 mensum
1692 4266 1760 4335 opud

935 4391 961 4454 υ
1007 4341 1274 4482 &anima-neeesse
1302 4338 1456 4395 nronusterio
1488 4338 1572 4391 tuusti
1603 4336 1758 4408 1166μεὶ1ι

1005 4541 1072 4598 Cum
1090 4540 1233 4599 resedisset
1247 4540 1359 4597 inluster
1382 4539 1425 4595 sis
1438 4538 1588 4609 Pippinus,
1610 4536 1760 4608 majonis-

134 4647 206 4703 sunt,
221 4638 409 4696 Lonionecum
423 4639 547 4694 omnibus
557 4636 723 4708 appendiciis
736 4638 839 4705 suisio
852 4650 921 4709 papo
971 4649 1041 4700 mus,
1053 4633 1155 4702 ieron,
1169 4619 1197 4689 in
1207 4633 1308 4705 palatio
1320 4631 1480 4704 publico,ad
1494 4632 1683 4686 universorum
1698 4645 1760 4685 can·

970 4775 1149 4824 strumentum
1165 4782 1231 4824 vere
1254 4766 1327 4836 quod
1351 4781 1422 4821 nune
1444 4766 1604 4822 exhibemus
1625 4765 1757 4832 peomne>

971 4853 1065 4920 carere
1075 4838 1191 4905 ridetur,
1203 4847 1231 4893 et
1241 4837 1335 4893 initiali
1347 4835 1471 4917 formula,
1486 4850 1577 4905 quam,
1587 4834 1668 4959 kuste
1680 4835 1757 4915 nnius

971 4916 1199 4971 seminatorem,
1232 4905 1340 4977 protem
1362 4905 1413 4960 alsa
1439 4905 1559 4973 epssdem
1611 4905 1758 4960 arlensauat

170 4777 183 4807 ⁸
203 4768 312 4826 Fidimus
322 4771 355 4825 ad
370 4770 449 4826 iidem
465 4767 597 4838 sostenii,
613 4769 737 4838 Ampliss.
761 4768 825 4825 coil.
842 4776 863 4825 t.
879 4767 920 4836 ii,

133 4839 186 4896 cul.
203 4838 248 4902 sl,
267 4842 312 4910 qui
326 4842 395 4895 hauc
408 4841 529 4895 chartam
541 4855 573 4895 es
590 4841 700 4894 archivo
710 4839 861 4894 stabulensi
875 4837 923 4894 de·

133 4910 275 4984 prompsit.
300 4909 470 4964 liecnderunt
492 4918 615 4964 auctores
640 4908 720 4964 Nosse
733 4908 826 4962 Gallim
839 4906 920 4962 Cirri-

132 4979 238 5042 stlame,
248 4987 268 5033 t.
283 4980 326 5041 lii,
341 4992 402 5046 paq.
414 4978 476 5041 ilii,
490 4994 524 5033 ex
534 4979 675 5045 ilartenio,
689 4979 760 5035 sieut
772 4986 799 5032 et
807 4978 922 5034 liertbo·
972 4976 1066 5032 charta
1080 4975 1148 5032 inira
1161 4977 1265 5032 edenda
1280 4975 1348 5046 (Cel.
1359 4974 1451 5043 1116).

135 5048 217 5112 lotus,
230 5050 328 5104 ilistor.
343 5046 473 5103 unxores.
495 5055 516 5103 t.
534 5043 564 5112 tt.
578 5049 682 5119 probat.
699 5061 760 5116 pag.
776 5046 829 5111 eti,
854 5049 921 5117 qui,
1009 5047 1022 5085 b
1041 5047 1097 5101 liae
1111 5061 1179 5102 uoce
1203 5061 1256 5102 non
1269 5044 1471 5111 intelligendum
1490 5049 1532 5099 est
1547 5041 1759 5098 liarlemannnnt

134 5117 276 5174 detinente
299 5119 361 5173 artui
383 5127 456 5183 stota,
470 5133 571 5173 aurnum
588 5119 685 5174 illusisti
700 5116 753 5172 116
779 5116 922 5186 prmligen·
971 5130 1106 5184 senopem
1124 5115 1287 5184 predicare:
1303 5112 1438 5185 siqnidem
1458 5112 1647 5168 tntummodo
1672 5111 1760 5167 aduri·

134 5187 322 5244 dumceusnit.
336 5187 405 5243 liele
432 5196 520 5243 umen
541 5189 665 5243 conuenit
689 5203 749 5242 muns
776 5186 829 5242 lroc
850 5200 922 5240 anno
971 5186 1159 5244 nistrntiouem
1170 5185 1255 5254 requi.

135 5271 234 5314 nomen
248 5259 352 5327 soptim
367 5258 493 5323 abbatis;
515 5273 587 5312 asino
598 5258 669 5312 eninr
689 5255 751 5321 116,
763 5272 816 5310 ιιοιι
831 5255 922 5323 iurgii·
1010 5266 1022 5295 ⁸
1043 5254 1082 5309 lis
1095 5255 1204 5310 arciriuo
1220 5255 1285 5310 bion
1305 5252 1380 5309 sisne
1398 5252 1566 5323 deprompsit
1578 5248 1759 5314 llabslouiue,

135 5341 196 5390 nus,
211 5330 259 5385 sed
273 5328 432 5397 Apilulpbus
456 5336 571 5397 praerat
585 5327 755 5381 monasteriis
769 5324 922 5380 stabulensi
972 5326 1012 5380 lle
1025 5340 1056 5380 re
1069 5325 1180 5394 diplom.
1204 5336 1265 5392 pap.
1320 5323 1354 5387 1;
1376 5323 1537 5380 recuderunt
1551 5320 1585 5375 ad
1605 5320 1686 5376 lldem
1708 5321 1763 5375 fla·

135 5398 420 5462 etllalmundariensi,
445 5396 796 5462 ntnmnstturitCointlus,
825 5393 921 5448 Annei.
972 5395 1077 5451 billonii
1089 5394 1254 5449 collectores
1264 5393 1426 5461 scriptorum
1446 5389 1759 5454 rerumsraneiearnm

135 5468 158 5515 t.
177 5465 209 5532 il,
223 5483 283 5536 pap.
300 5467 352 5523 169
366 5476 394 5522 ot
404 5467 464 5522 161.
475 5466 529 5522 Sed
542 5464 755 5534 lorteApilulplsl
765 5478 864 5519 nomen
874 5477 923 5533 pne
973 5472 994 5519 t.
1012 5462 1055 5527 li',
1070 5475 1132 5533 pap.
1156 5462 1219 5518 111.
1245 5461 1341 5535 [liujus
1353 5462 1445 5532 placiti
1457 5459 1652 5527 ausonensium
1676 5459 1704 5513 in
1720 5473 1763 5514 ar·

135 5529 244 5610 Anulirri
269 5538 380 5592 nomine
404 5537 544 5603 legendum
557 5545 609 5601 est,
630 5535 738 5591 utalias
759 5533 922 5589 monuimus.
974 5534 1053 5590 clriro
1067 5533 1141 5603 regio
1154 5531 1225 5587 inter
1234 5533 1286 5588 elia
1300 5530 1513 5602 sandionysiana
1524 5531 1763 5585 instrumentarius

137 5596 205 5655 Vnde
218 5617 276 5670 quse
289 5607 323 5661 de
335 5607 377 5661 bis
397 5606 480 5661 lusius
500 5607 632 5668 dicemus,
649 5603 728 5666 inira,
743 5604 778 5658 ad
804 5603 924 5660 charum
975 5610 1084 5668 exstat3
1105 5611 1134 5657 et
1157 5602 1187 5656 in
1207 5601 1444 5657 metrumeotorom
1467 5599 1502 5654 ad
1529 5599 1601 5653 bane
1627 5598 1761 5652 abbatiam

138 5669 259 5739 ciusdem
272 5674 318 5730 lin
326 5676 443 5733 lemanni
457 5676 507 5732 sub
526 5690 598 5732 amre
611 5673 664 5730 iii
686 5672 864 5733 referendam.
879 5671 924 5728 ln·
975 5672 1155 5745 spectantium
1166 5670 1319 5740 inrdieibus,
1344 5686 1380 5730 ex
1404 5668 1555 5728 llabillonio
1575 5665 1765 5726 unam-nes
