3810 6128
68 218 73 231 ⁸
129 265 178 321 on
608 247 821 310 oraressoms
841 243 1107 304 ιειεειιεεεειε
1126 241 1276 303 uonncnr
1702 231 1780 291 ors-

163 373 262 442 Quanti
276 370 482 431 monachorum,
501 364 565 420 dum
587 362 672 431 patris
692 360 841 429 matrisque
860 357 955 414 north
1280 366 1438 410 sasenates.

129 465 300 527 niteremur,
313 474 377 515 suas
392 458 495 512 animas
506 450 702 524 perdiderunt?
1003 446 1139 503 Coelorum
1154 444 1253 501 etenim
1264 457 1376 512 regnum
1392 440 1481 499 nrtllus
1496 453 1669 496 murmurans
1680 451 1759 496 aett-
1785 480 1789 515 :

164 554 260 609 llelier
272 559 315 606 est
332 548 469 605 secularis
485 548 650 605 mansuetus,
666 555 746 609 quam
766 539 916 596 monachus
968 541 1018 609 pit,
1034 536 1121 592 nullus
1135 535 1181 608 qui
1195 535 1294 605 accipit
1309 546 1476 588 murmurare
1486 537 1585 602 potest.

131 645 268 701 anintosus
283 652 310 696 ει
323 637 476 695 iracundus.
1294 639 1422 679 rsmonns.

112 777 115 787 .
166 735 259 790 liclior
273 738 314 786 est
327 727 464 784 secularis
477 725 619 780 inilrmitas
632 724 755 780 serviens
768 722 855 790 fratri,
871 736 919 779 su·
1005 722 1064 777 Non
1078 721 1205 776 detrahas
1216 719 1349 790 peccanti,
1364 717 1411 774 sed
1427 716 1550 773 condole.

132 839 181 893 prr
193 819 352 875 monachum
367 831 420 869 non
434 814 604 868 miserentem
620 814 744 883 proximo
757 827 819 869 suo.
1004 812 1064 880 Quo
1079 814 1105 867 in
1118 812 1171 867 alio
1186 811 1316 878 detrahis,
1330 811 1357 864 in
1371 818 1399 866 te
1411 811 1500 880 potius
1515 809 1688 880 pertimesce.

168 911 314 966 llnnaehus
327 907 451 976 bilinguis
466 906 554 962 turbat
566 906 672 961 iratres.
1005 905 1176 961 Detractum
1190 918 1283 961 omnes
1301 902 1513 974 reprehendunt,
1534 917 1629 959 omnes
1652 903 1763 972 vitupe-

168 1002 267 1057 l'idclis
281 1008 370 1055 nentem
386 999 505 1069 requiem
520 997 640 1054 adducit.
971 1004 1044 1052 rant.

172 1057 345 1148 Pallor⁸enim
369 1106 428 1146 eum
443 1089 605 1156 humilitate,
627 1095 655 1144 et
675 1088 814 1157 maceries,
836 1088 920 1145 decus
1005 1086 1117 1153 Quando
1132 1087 1177 1140 alii
1192 1086 1321 1150 detrahis.
1337 1085 1449 1156 teipsum
1460 1085 1575 1141 discute.

133 1192 175 1240 est
191 1183 326 1239 monaehi.
1006 1176 1119 1244 Qttaudo
1131 1177 1213 1232 alium
1226 1179 1346 1243 mordes,
1364 1185 1408 1231 tua
1422 1186 1532 1247 peccata
1544 1175 1690 1244 redargue.

169 1273 197 1329 Si
212 1273 331 1343 potueris
344 1271 465 1340 injuriari
485 1285 516 1326 ae
531 1277 631 1336 tacere,
646 1276 674 1324 et
693 1269 763 1324 allici
778 1271 920 1338 conviciis,
1007 1268 1065 1322 Non
1080 1267 1190 1324 alterius
1203 1267 1312 1333 delicta,
1325 1266 1371 1322 sed
1385 1278 1429 1321 tua
1442 1266 1550 1337 propria
1563 1280 1656 1322 cerne.

135 1374 163 1419 et
176 1374 293 1438 portare,
309 1377 406 1433 magna
418 1370 460 1418 est
474 1362 531 1416 haec
541 1367 587 1417 res
598 1376 679 1431 super
693 1360 746 1416 alia
757 1363 896 1418 maridata.
1007 1359 1146 1428 Nunquam
1160 1358 1295 1425 detrahes,
1308 1358 1331 1413 si
1347 1364 1375 1412 te
1385 1357 1454 1412 bene
1465 1356 1647 1427 perspexeris.

466 1467 589 1507 neuneu.
1010 1451 1127 1519 b‘tertpue
1139 1450 1225 1506 simile
1236 1452 1338 1506 crimen
1359 1449 1499 1520 impendit,
1514 1457 1543 1505 et
1553 1449 1601 1519 qui
1611 1447 1766 1506 detrahes·

171 1543 248 1599 Sicut
266 1543 337 1598 enim
359 1548 417 1596 sata
437 1541 464 1595 iu
486 1540 556 1597 bona
573 1540 749 1608 terra'cnlta,
770 1546 810 1598 sic
831 1543 942 1598 anima·
975 1551 1030 1597 tem
1045 1540 1127 1607 audit,
1143 1549 1171 1596 et
1184 1541 1206 1596 is
1220 1541 1266 1610 qui
1279 1540 1407 1596 detrahit.

136 1634 261 1690 monaehi
277 1633 440 1690 iuuenilicans
459 1631 665 1702 cogitationibus
678 1632 828 1689 divinarum
850 1635 922 1692 Scri·
1238 1647 1272 1686 su
1291 1645 1362 1687 rurs
1379 1647 1498 1688 rannus.

136 1734 284 1794 pturarum.
938 1709 964 1771 Β
1013 1721 1108 1778 ilelius
1129 1729 1171 1778 est
1192 1721 1335 1778 comedere
1355 1727 1528 1791 carnem-et
1549 1721 1643 1777 vinum
1659 1720 1762 1779 bibere.

170 1813 246 1871 Sicut
261 1814 364 1884 lampas
384 1813 471 1869 lueida
490 1815 516 1868 in
539 1814 599 1870 loco
615 1814 757 1871 tenebroso
777 1814 946 1888 refulgeret„
976 1825 1057 1882 quam
1069 1821 1244 1868 contemnere
1256 1812 1283 1867 in
1298 1812 1497 1883 vituperatione
1510 1811 1622 1869 fratrem
1638 1828 1733 1870 suum.

136 1903 176 1958 sic
197 1903 345 1961 monachus
369 1913 459 1958 mente
483 1904 584 1966 sobria,
606 1902 633 1958 ln
650 1902 731 1959 eorde
752 1903 875 1973 pervigil,
897 1905 925 1958 lu
1010 1903 1456 1974 Sicutsusurransserpeuslitam
1469 1903 1767 1977 deparadisoexpuli't,

139 2003 260 2061 tempore
272 1992 427 2064 psalmodiae
440 2008 494 2048 sue
508 2003 535 2049 et
549 1993 691 2049 orationis.
975 1994 1015 2050 sic
1036 1993 1083 2064 qui
1106 1992 1225 2050 detrahit
1247 1995 1324 2050 tratri
1342 2009 1404 2062 sno,
1426 2009 1482 2052 nou
1501 1997 1589 2054 soluut
1608 2012 1697 2066 suam,
1719 1996 1769 2054 sed

172 2083 249 2140 Sicut
263 2084 369 2155 pondus
380 2085 445 2142 salis
456 2084 582 2155 deprimit
594 2085 740 2154 infirmum,
755 2086 794 2143 sic
814 2099 925 2144 somnae
977 2087 1058 2142 etiam
1071 2086 1205 2142 audientis
1219 2087 1336 2143 animam
1351 2087 1449 2159 perdit.

136 2174 263 2244 deprimit
275 2174 436 2230 monachum
449 2175 476 2230 in
491 2175 625 2231 oratione.
678 2227 680 2231 .

171 2264 245 2320 Sicut
259 2266 357 2331 vermis
376 2266 525 2335 corrumpit
547 2265 659 2335 lignum,
677 2265 718 2322 sic
742 2266 842 2323 invidia
865 2280 928 2324 cor-
1272 2221 1385 2279 CAPUT
1406 2221 1473 2279 ω’

138 2354 238 2422 rumpit
252 2355 368 2409 animam
384 2354 522 2409 monaehi.
1274 2333 1312 2388 θ’
1325 2335 1467 2389 iamim&

173 2443 249 2500 Sient
264 2445 334 2500 tinea
348 2445 513 2501 exterminat
526 2446 728 2514 vestimentum,
742 2447 782 2504 sic
793 2447 927 2505 detractio
1305 2457 1444 2500 cunrsros.

137 2533 254 2589 animam
267 2535 400 2591 monaehi.
1014 2533 1042 2590 Si
1057 2535 1117 2606 quis
1131 2535 1178 2592 liei
1197 2535 1286 2591 cultor
1310 2544 1361 2601 est,
1386 2544 1414 2591 et
1428 2535 1594 2594 voluntatem
1607 2536 1670 2609 eins
1689 2538 1774 2608 ἢείι,

445 2664 559 2724 mpUT
579 2666 623 2724 XL
981 2626 1050 2682 hune
1060 2626 1169 2681 exaudit
1185 2627 1254 2684 Deus
1270 2626 1361 2698 (ioan.
1376 2627 1427 2698 ts).

1315 2735 1426 2775 erutus.

1015 2809 1042 2864 si
1062 2810 1187 2865 voluntas
1206 2818 1331 2882 prompta
1351 2818 1408 2877 εει,
1431 2812 1578 2868 secundum
1594 2812 1670 2883 quod
1688 2811 1772 2871 habet

477 2906 591 2948 raucus.
981 2911 1092 2972 accepta
1106 2911 1158 2971 εει,
1172 2919 1225 2958 non
1240 2903 1387 2959 secundum
1404 2904 1476 2974 quod
1489 2920 1542 2960 non
1557 2904 1640 2962 habet
1651 2904 1694 2978 (ll
1710 2904 1772 2961 Cora

173 2976 268 3034 Omnia
283 2988 373 3036 autem
390 2980 468 3035 iacite
481 2982 540 3037 sine
557 2983 815 3040 murmurationibus
829 2995 857 3040 et
871 2987 927 3040 hat-
982 2993 1052 3063 ιιιι).

138 3073 319 3137 sindonibus,
338 3081 368 3128 ιιι
388 3075 447 3128 sine
460 3075 570 3143 quercia
595 3075 663 3143 sitis,
677 3085 706 3132 ει
727 3077 862 3150 simplices
882 3069 965 3134 llliiC
1016 3083 1247 3151 Quemadmodum
1265 3095 1405 3158 promptus
1425 3095 1468 3144 εει
1488 3102 1594 3144 animus
1612 3087 1772 3156 voluntatis,

141 3164 187 3218 Dei
200 3165 258 3220 sine
271 3164 479 3235 reprehensione
491 3163 604 3236 (Philip.
619 3167 661 3234 u).
981 3175 1017 3230 ita
1030 3176 1065 3232 sit
1078 3184 1107 3232 et
1116 3176 1274 3247 perliciendi
1288 3176 1398 3249 (Ephes.
1411 3176 1456 3247 v).

469 3271 592 3312 tacosos.
1015 3263 1104 3322 Nolite
1115 3263 1175 3321 lleri
1190 3266 1383 3336 imprudentes,
1398 3267 1447 3324 sed
1461 3266 1644 3337 intelligentes
1665 3283 1727 3341 quse
1738 3270 1774 3326 tit

176 3344 265 3399 Nolite
279 3343 420 3401 detrahere
434 3345 603 3413 alterutrum,
624 3346 721 3404 iratres
734 3348 804 3416 mei;
817 3351 865 3420 ptri
881 3351 929 3408 de·
979 3357 1106 3415 voluntas
1122 3359 1241 3417 Domini.

141 3434 222 3489 trabit
235 3433 312 3490 fratri
331 3444 378 3490 aut
392 3435 553 3505 quiiudicat
573 3436 682 3493 iratrem
703 3455 781 3496 suum
812 3442 931 3499 detrahit
1319 3467 1450 3508 stcouon.

141 3524 204 3593 ¹⁰8³,
216 3525 357 3594 “iuditii
370 3525 456 3596 libem
473 3525 576 3596 (¹⁰⁶⁰b·
589 3528 639 3597 ll)-
1017 3541 1204 3597 hbominabile
1222 3549 1264 3597 est
1288 3541 1403 3597 homino
1426 3555 1538 3611 pravum
1559 3555 1624 3607 cor;
1649 3542 1779 3598 voluntat

469 3634 601 3677 snuoaoa.
981 3631 1041 3700 ejus
1051 3638 1092 3687 est
1106 3630 1133 3685 in
1148 3630 1181 3687 iis
1191 3633 1237 3702 qrti
1248 3631 1407 3701 simpliciter
1419 3631 1558 3686 ambulant
1573 3630 1665 3703 (Prot.
1677 3633 1729 3703 ιι).

176 3707 295 3765 Remove
308 3724 323 3764 a
337 3718 363 3765 te
376 3724 407 3764 os
418 3725 544 3780 pravum,
558 3720 587 3766 ει
600 3710 770 3768 detrahentia
783 3713 854 3770 labia
867 3729 930 3787 pro·
1290 3737 1463 3780 tuousrrnos.

141 3804 183 3859 eul
198 3805 249 3859 sint
264 3819 279 3858 a
292 3813 318 3860 te
331 3805 422 3876 (Prae.
435 3806 484 3874 tv).
1017 3813 1146 3869 Omnibus
1165 3813 1236 3868 enim
1252 3813 1304 3869 erit
1327 3813 1354 3867 in
1379 3814 1519 3869 voluntate
1537 3813 1609 3885 quod
1630 3815 1780 3886 unusquis·

176 3893 226 3962 Qui
244 3894 361 3950 detrahit
375 3896 454 3951 alieui
469 3896 519 3963 rei,
535 3896 592 3968 ipsa
609 3897 710 3954 sesain
730 3897 848 3955 futurum
863 3900 930 3957 obli·
982 3921 1036 3978 que
1050 3906 1159 3961 habebit
1173 3905 1199 3960 in
1212 3904 1404 3961 retributione.

141 3984 289 4058 patllhoo.
301 3987 370 4056 xtra).
755 3996 760 4009 '
1017 3995 1104 4050 Omne
1113 4009 1182 4065 opus
1194 3994 1324 4066 praecedit
1338 3994 1464 4051 voluntas
1483 3994 1659 4061 nostra,dum
1674 3997 1777 4068 cogita·

177 4073 228 4142 Qui
252 4084 342 4131 autem
366 4077 442 4133 timet
463 4085 645 4150 preceptum,
667 4080 695 4135 in
717 4095 784 4150 paee
806 4087 933 4138 versatur
983 4101 1043 4140 mus
1055 4084 1128 4153 nuod
1141 4085 1248 4154 operari
1261 4084 1402 4140 dehemus.

142 4166 248 4239 (litu).
1018 4176 1090 4230 Nihil
1111 4175 1184 4231 enim
1197 4176 1269 4231 aliud
1292 4184 1414 4234 nostrum
1426 4176 1522 4245 querit
1541 4175 1632 4246 Deus,
1656 4177 1708 4233 uisi
1728 4193 1776 4235 ro·

176 4257 244 4314 Cum
257 4259 453 4316 detractoribus
468 4276 501 4318 ne
512 4263 734 4319 commiscearis:
750 4265 878 4334 quoniam
889 4279 932 4320 re·
984 4264 1113 4321 luntatem
1126 4266 1237 4321 bonam.

144 4357 223 4421 pente
238 4357 382 4418 consurget
404 4351 519 4419 perditio
533 4351 650 4420 illorum,
665 4361 693 4408 et
706 4353 811 4408 ruinam
828 4354 931 4409 utrius·
1019 4355 1118 4410 bialum
1133 4354 1234 4425 proprii
1247 4354 1363 4423 arbitrii,
1383 4355 1543 4425 germinatio
1564 4364 1606 4412 est
1618 4356 1777 4413 voluntatis.

143 4454 196 4510 que
209 4440 268 4508 quis
283 4441 357 4495 novit
371 4438 461 4508 (Nom.
477 4442 543 4512 ur)?
936 4424 974 4491 ’Β
1303 4461 1459 4502 cnsuomus.

178 4531 320 4588 Tuntultut
334 4534 575 4590 murmurationum
595 4551 650 4593 uon
667 4535 848 4592 abscondetur
868 4536 933 4608 (Su-
1021 4537 1091 4592 hnte
1103 4534 1150 4590 liei
1165 4550 1281 4605 namque
1299 4534 1393 4591 oculos
1407 4550 1543 4604 nunquam
1562 4543 1604 4591 est
1617 4551 1703 4593 saeua
1717 4551 1777 4594 uta·

144 4623 223 4691 pient.
238 4623 269 4691 ι).
984 4646 1035 4685 ιιιιε
1049 4645 1064 4684 a
1079 4643 1202 4696 munere,
1222 4628 1243 4684 si
1255 4627 1342 4683 cordis
1356 4641 1418 4683 arca
1430 4627 1533 4697 repleta
1546 4627 1630 4684 inerit
1640 4629 1714 4686 bona
1726 4643 1776 4687 ro·

450 4730 618 4771 tucusrmus.
984 4718 1097 4772 luntate.

178 4802 218 4860 Ne
231 4816 296 4874 ergo
310 4804 446 4872 detrahas,
462 4822 511 4861 nee
525 4808 619 4863 audias
630 4808 829 4864 detrahentem.
1019 4808 1123 4863 Bonum
1143 4820 1207 4877 ergo
1221 4821 1290 4878 opus
1304 4806 1380 4862 nobis
1392 4806 1427 4861 sit
1446 4806 1472 4860 in
1483 4805 1638 4872 voluntate,
1662 4820 1726 4861 nam
1740 4820 1777 4863 ex

442 4914 617 4955 utenonraus.
982 4897 1072 4952 divino
1088 4896 1222 4967 adjutorio
1235 4896 1286 4950 erit
1300 4896 1328 4949 in
1342 4894 1517 4965 perfectione.

179 4986 319 5060 Nunquam
332 4987 378 5043 ulii
392 4987 528 5044 detrahes.
542 4991 708 5046 Accusamus
720 5006 792 5062 sepe
804 4986 876 5063 quod
891 4990 931 5047 sa·
1016 4986 1073 5042 lllic
1091 4996 1201 5041 coactus
1221 4985 1323 5054 patitur
1338 4984 1461 5040 tenebras
1484 4984 1603 5051 ultionis,
1628 4987 1676 5057 qui
1691 4985 1780 5044 biett-

142 5083 239 5149 cimus,
262 5088 291 5136 et
310 5088 404 5136 contra
426 5082 606 5152 nosmetipsos
628 5094 720 5140 nostra
740 5084 804 5139 vitia
825 5083 930 5142 rnreui·
981 5078 1077 5134 benit‘r
1091 5077 1217 5132 sustinuit
1227 5077 1351 5133 lesseblii
1363 5076 1521 5131 mimili-

146 5188 215 5227 niue,
1019 5168 1148 5224 Voluntas
1167 5178 1257 5225 autem
1279 5169 1349 5223 bona
1376 5176 1434 5233 est,
1457 5170 1498 5224 sic
1524 5168 1637 5225 adversa
1664 5170 1779 5229 alterius

179 5261 238 5316 Noli
251 5260 404 5326 detrahere,
419 5260 466 5316 sed
483 5274 575 5316 verum
589 5260 689 5317 dicere.
983 5266 1053 5321 sieut
1074 5273 1163 5321 nostra
1185 5265 1395 5335 pertimescere:
1413 5263 1477 5317 nulli
1493 5267 1565 5332 quod
1581 5265 1713 5334 sibijuste
1727 5267 1773 5321 im·

181 5352 253 5407 Care
266 5367 300 5407 ne
313 5352 429 5420 linguam
443 5360 489 5406 aut
509 5367 589 5409 aures
602 5354 702 5409 habeas
716 5353 888 5433 prurientes:
907 5354 933 5410 id
984 5357 1064 5427 pendi
1076 5356 1222 5421 desideras,
1235 5355 1388 5426 detressare:
1404 5354 1556 5409 necessitati
1567 5357 1686 5425 proximi
1697 5359 1778 5427 juxta

146 5448 198 5508 εει,
214 5448 243 5496 ιιι
257 5455 307 5496 nec
319 5442 376 5513 ipse
388 5441 448 5499 aliis
461 5442 598 5510 detrahas,
614 5450 661 5498 aut
672 5443 740 5501 alios
759 5442 934 5501 detrahentes
985 5448 1055 5504 vires
1068 5462 1228 5511 occurrere,
1245 5454 1273 5500 et
1287 5444 1418 5516 prodesse
1427 5444 1509 5499 etiarn
1524 5443 1593 5499 ultra
1609 5445 1682 5503 vires
1695 5446 1779 5505 velle.

148 5529 251 5586 audiat.
1020 5539 1133 5611 Semper
1142 5539 1238 5595 invidia
1254 5552 1269 5594 a
1288 5538 1358 5592 bona
1369 5536 1510 5593 voluntate
1523 5534 1671 5595 discordat.

182 5617 312 5676 llalorum
327 5635 434 5691 uuopue
444 5621 569 5677 solatium
590 5632 631 5680 est
645 5622 732 5679 bonos
743 5638 852 5694 capere,
871 5626 935 5685 dum
1022 5631 1093 5688 beris
1115 5632 1185 5687 enlm
1207 5644 1255 5701 per
1268 5629 1365 5687 multas
1375 5629 1528 5686 voluntates
1541 5627 1659 5688 altorum
1675 5631 1705 5691 iu
1719 5634 1780 5692 alita

149 5711 318 5784 peccantium
332 5712 504 5772 multitudiue
518 5723 615 5788 putant
629 5716 713 5775 minui
727 5728 849 5789 peccata.
988 5722 1072 5781 multa
1086 5729 1214 5795 operatur
1227 5720 1308 5778 hona.
1402 5752 1407 5765 ·
1427 5753 1432 5761 -

421 2775 461 2833 De
475 2778 643 2836 detractione.
