3810 6128
147 340 217 402 lios
521 335 736 393 hortatorius
752 335 797 391 AC
815 335 1045 393 instruente
1065 334 1186 400 eursu..
1207 335 1296 405 utin,
1318 332 1396 399 ETG,
1706 336 1776 393 teon

144 455 368 526 phetaspendcre
383 460 410 505 et
423 447 534 519 implere
547 446 683 515 Scriptura
708 444 831 499 tinuerit.
848 442 880 497 Et
899 443 933 499 de
946 463 971 521 Α
982 453 1038 510 tor,
1052 444 1123 499 sicut
1133 441 1226 512 nanta
1239 441 1327 498 emeat
1343 439 1483 497 Benedicti
1495 438 1610 503 ederet,
1636 440 1664 495 iu
1679 457 1774 498 eorum

144 546 352 615 contemplativa
366 544 420 597 rita
434 551 537 611 partem
559 539 687 608 optimam
711 552 793 608 qoam
806 535 934 592 Dominus
984 551 1118 592 consensu
1132 535 1284 592 solidetur:
1304 533 1373 591 sicut
1389 540 1418 588 ct
1440 531 1592 588 authoritas
1612 546 1688 604 papae
1702 533 1778 588 urbis

144 635 258 691 llariam
273 634 387 708 elegisse
400 631 537 696 laudarit,
563 629 687 686 suilicere
701 628 835 685 credimus
859 627 933 683 testi·
983 628 1077 685 Rome
1097 625 1230 682 hdeodati
1246 624 1369 682 eontinet
1389 638 1439 694 per
1453 622 1586 694 privilegii
1600 627 1698 680 seriem
1720 623 1777 678 nul·

144 727 235 783 utorrio
250 726 343 797 ipsius.
359 722 487 791 Quamvis
501 730 529 778 et
551 721 664 778 actualis
677 722 730 777 vita
753 721 851 776 habeat
871 734 932 777 cum
984 720 1025 777 las
1053 717 1240 788 gravedinesa
1262 715 1385 785 quolibet
1404 714 1612 784 episcoporum,
1633 712 1684 769 sub
1708 726 1777 782 prs·

144 816 308 873 retributore
321 816 456 871 bonorum
470 827 582 882 operum
596 810 748 867 mercedem
770 826 866 874 suain,
891 818 931 866 ta·
984 817 1060 865 textu
1069 806 1254 871 discussionis,
1270 805 1413 875 religiosus
1426 804 1510 859 abbas
1531 803 1574 858 rel
1588 803 1712 860 monaehi
1726 802 1778 859 dsi-

144 922 207 961 men
223 907 370 976 praeposuit
393 903 525 971 satagenti
540 902 651 957 llarthae
676 901 747 957 eirca
775 900 890 971 plurima
903 914 934 957 se
983 902 1046 957 dem
1070 897 1381 968 degentessustineant3
1403 910 1493 966 nequae
1511 911 1605 951 carmos
1623 894 1776 964 hospitandi

143 997 374 1067 contemplantem
390 994 512 1049 llarlam.
530 993 575 1048 llis
597 1005 662 1060 erqo
686 991 764 1069 tenth
778 1006 811 1047 ae
836 990 934 1049 talibus
983 992 1036 1048 sihi
1062 990 1134 1062 apud
1155 1005 1203 1045 eus
1223 990 1361 1046 licentiam
1382 988 1549 1044 vindicantes
1574 987 1713 1056 dispendia
1733 986 1778 1042 his

120 1108 122 1112 ⁸
143 1085 306 1143 teetlruoniis
324 1084 488 1140 exercitatus
511 1086 612 1150 auimo,
627 1084 735 1141 decrevi
760 1099 810 1154 ego
836 1086 862 1142 iu
886 1086 934 1142 liei
983 1092 1066 1153 atque
1080 1082 1239 1138 insolentias
1249 1080 1420 1151 angariarum
1434 1081 1592 1151 imponaut;
1607 1093 1656 1134 nee
1666 1091 1715 1148 per
1729 1079 1777 1134 003

144 1177 343 1244 uominelbbo‚
356 1178 408 1233 etsi
429 1179 576 1247 quamlibet
594 1188 743 1250 peccator,
768 1179 935 1243 Turonensis
984 1174 1122 1230 cesionem
1136 1170 1268 1240 regutaris
1293 1169 1441 1240 rliscipliuue
1464 1169 1594 1225 rimaudae
1615 1175 1697 1238 atque
1718 1181 1778 1223 ser·

144 1269 219 1324 urbis
228 1268 314 1340 qratia
330 1267 377 1322 ner
391 1283 473 1323 vocor
485 1268 638 1339 episeopus.
650 1270 821 1340 priuilegium
835 1285 934 1327 conce
984 1267 1086 1333 vandac,
1106 1265 1241 1336 quaslibet
1267 1264 1415 1332 importent
1438 1263 1570 1333 injurias:
1592 1262 1641 1318 sed
1665 1262 1777 1318 liberam

143 1361 219 1424 dere,
230 1369 313 1429 atque
324 1358 476 1414 libertatem
491 1362 692 1430 congregationi
716 1362 872 1418 monasterii
887 1362 935 1417 ba·
984 1361 1120 1420 licentiam
1134 1357 1267 1414 semiliter
1279 1355 1379 1412 habere
1391 1363 1550 1420 manemus,
1566 1354 1640 1410 salva
1656 1352 1781 1424 prolecta

142 1452 228 1508 sillem
246 1451 398 1506 beatissemi
427 1459 488 1522 post
510 1453 649 1522 apostolos
669 1454 816 1509 Galliarum
843 1454 935 1510 claris·
984 1453 1202 1510 monachicarum
1228 1449 1383 1520 regularum
1398 1448 1532 1514 custodia,
1555 1446 1709 1514 retiqtnsnrn
1723 1447 1777 1501 ab·

143 1540 205 1594 simi
218 1539 381 1595 contessoris
396 1538 514 1608 llartiui,
531 1540 576 1596 ubi
590 1542 648 1611 ipse
662 1543 688 1598 io
702 1557 817 1614 corpore
830 1543 934 1612 requie-
984 1545 1067 1601 batim
1091 1543 1253 1614 quicumque
1267 1556 1318 1610 pro
1331 1549 1454 1610 tempore
1468 1538 1587 1609 praeerit,
1598 1536 1713 1607 prelato
1727 1551 1778 1593 ve·

144 1628 206 1694 scit,
222 1628 388 1695 condonare,
404 1629 429 1683 in
451 1631 677 1698 quovenerabiiis
699 1634 741 1687 vir
753 1631 936 1688 Gontramnns
985 1632 1112 1691 nerabill'
1128 1631 1295 1688 monasterio
1310 1630 1336 1685 id
1359 1636 1533 1700 procurante.
1561 1628 1596 1685 llt
1614 1642 1680 1698 erqo
1704 1628 1780 1698 quod

142 1721 213 1776 abba
227 1735 342 1791 praeesse
352 1720 468 1788 videtur,
479 1723 549 1793 quod
561 1722 619 1792 jam
633 1723 733 1780 dodum
745 1740 936 1796 apraecessore
984 1728 1078 1798 priseo
1092 1724 1243 1781 traditionis
1254 1722 1314 1792 ejus
1327 1722 1457 1778 articulos
1469 1729 1597 1777 contenet
1607 1734 1779 1776 ‘eonsemre

143 1820 238 1868 nostro
265 1814 485 1883 cnrotpercum.
519 1815 678 1873 Tharronims
702 1818 775 1874 orbis
801 1819 934 1888 qnondam
952 1816 972 1875 li
987 1818 1097 1881 unitatur,
1112 1823 1141 1871 et
1152 1814 1253 1885 quique
1264 1813 1315 1868 sub
1339 1811 1399 1882 ejus
1420 1819 1552 1880 reguntur
1576 1811 1778 1883 dispensatione

143 1903 283 1973 episeopo,
298 1902 528 1960 christianissima
540 1907 684 1963 devouooe
706 1908 740 1965 ad
764 1909 847 1980 ipsam
870 1923 937 1966 san·
986 1909 1100 1965 solerter
1120 1907 1257 1962 custodire
1271 1916 1444 1962 commoneat
1456 1905 1633 1977 districteque
1658 1905 1779 1975 corupel·

143 2005 216 2050 cram
228 1994 416 2052 basilicamrel
428 1998 663 2067 congregationem
674 2000 771 2055 ibidem
781 1999 935 2057 consiuen-
985 2000 1035 2069 lat,
1050 1998 1281 2055 reverentissimos
1303 2012 1370 2052 vero
1379 1996 1535 2066 episcopus,
1549 1995 1577 2051 iu
1589 1993 1668 2065 euius
1682 2010 1779 2065 parro-

144 2096 199 2143 teur
215 2086 265 2141 luit
277 2102 448 2153 concessum,
463 2088 601 2144 ueletiam
616 2106 666 2162 per
686 2091 878 2147 authoritatem
889 2105 934 2148 se·
985 2090 1044 2145 chia
1057 2098 1235 2145 memoratum
1263 2087 1417 2144 venerabile
1430 2085 1645 2151 monasterium,
1673 2086 1718 2144 rel
1730 2100 1778 2144 ree

143 2177 355 2246 disapostolicae
369 2192 445 2248 papae
470 2179 657 2249 urbisliomae,
680 2197 715 2238 es
733 2196 864 2239 consumo
892 2181 932 2252 lp·
984 2183 1043 2252 eius
1057 2196 1090 2237 ae
1112 2182 1299 2252 possessiones
1324 2180 1505 2245 conuiterlut,
1518 2179 1647 2236 faciendae
1668 2187 1774 2237 tantan

141 2267 198 2320 sius
208 2265 397 2339 chrotpercthi
411 2269 463 2326 lanc
477 2270 645 2340 privilegium
667 2271 702 2327 ad
725 2273 809 2327 instar
826 2286 860 2327 ea
873 2271 931 2340 ipsa
984 2271 1160 2328 ordinationis
1170 2287 1204 2328 ac
1216 2272 1393 2342 promotionis
1405 2271 1576 2327 sacerdotum
1599 2279 1682 2340 atque
1706 2269 1778 2327 terl-

141 2358 260 2416 dictione
273 2359 429 2430 apostoleca
444 2359 495 2415 luit
516 2359 713 2416 confirmatum.
730 2360 785 2416 lice
797 2358 932 2416 immerite
984 2371 1079 2428 samm,
1097 2362 1139 2418 vel
1153 2361 1312 2419 condolendi
1336 2361 1509 2425 chrismatis,
1534 2361 1557 2416 si
1580 2369 1685 2417 tautum
1711 2374 1777 2416 cosa·

141 2467 214 2516 reor,
227 2451 329 2508 eisdem
344 2452 380 2507 ita
396 2451 554 2509 viventebus
570 2453 613 2523 pie
625 2461 707 2521 atque
719 2450 863 2516 cantichus,
878 2450 931 2508 hoe
984 2467 1060 2509 cessa
1080 2452 1207 2508 licentia:
1222 2451 1428 2521 dispositionem
1440 2459 1530 2507 atrtem
1539 2450 1707 2508 venerabelis
1719 2449 1779 2507 loci

141 2542 315 2612 supervenire
330 2541 499 2612 priuilegium
511 2541 622 2611 poterit,
634 2538 681 2612 qui
692 2540 873 2596 indesinenter
887 2538 932 2595 dle
983 2554 1079 2613 gerere
1093 2557 1125 2598 ae
1137 2543 1370 2598 conversationem
1399 2541 1585 2597 monachicam
1607 2539 1750 2611 exquirere
1763 2576 1774 2604 ,

143 2640 279 2700 troetuque
293 2642 409 2701 patrono
424 2640 518 2687 nostro
540 2631 722 2699 famulantes,
749 2628 855 2700 plaeere
866 2629 932 2700 piis·
984 2633 1114 2702 renatare
1128 2631 1221 2689 abbati
1231 2632 1344 2702 ejusque
1358 2632 1512 2704 praeposito,
1528 2631 1571 2688 vel
1587 2631 1688 2701 quique
1709 2644 1777 2702 pre·

142 2719 604 2788 sim⁰C¹lfl⁸¹⁰⁰0¹122¹¹d¹¹¹¹¹=omui
627 2721 768 2777 honestate
782 2734 814 2775 ac
839 2717 933 2775 mede-
984 2725 1114 2782 hatissimi
1129 2724 1228 2781 luerint
1243 2724 1269 2778 iu
1280 2722 1376 2780 eodem
1398 2723 1575 2780 monasterio.
1593 2720 1665 2790 quod
1690 2719 1776 2779 uiam

142 2809 248 2867 ratione
261 2827 365 2867 urorum
386 2827 500 2882 corpora
515 2819 672 2868 coercentes
694 2811 819 2880 redigunt
843 2809 932 2865 servi·
984 2816 1088 2888 praelati
1102 2815 1229 2886 presules
1241 2826 1361 2870 consona
1376 2812 1511 2868 sententia
1533 2811 1705 2878 delinierunt,
1720 2809 1775 2866 de.

143 2899 214 2964 tuti;
237 2909 319 2968 atque
344 2901 400 2956 suis
415 2902 566 2958 libertatem
591 2901 827 2967 monacbisdare,
855 2899 934 2970 cuius
983 2906 1130 2963 cernimus.
1149 2904 1275 2975 Quisque
1290 2903 1372 2974 igitur
1393 2901 1517 2970 quolibet
1540 2909 1675 2970 tempore,
1700 2899 1775 2969 quod

143 2991 366 3049 bonoramilscm
381 3001 466 3048 totum
493 2993 568 3050 dedit
585 2993 644 3050 urbi
659 3002 688 3048 et
710 2990 932 3062 sensumterra-
984 2997 1138 3054 nullatenus
1151 2996 1297 3059 mouimus,
1311 2994 1389 3063 huius
1402 2993 1540 3049 decretum
1554 2990 1686 3062 privilegii
1699 2988 1772 3059 quud
1840 3049 1844 3056 ,

142 3095 196 3148 que
209 3082 298 3138 visere
311 3097 461 3154 nomenque
487 3086 601 3142 instituit
622 3085 736 3142 benedis.
766 3085 849 3155 cnjus
864 3101 932 3157 pre-
947 3114 969 3176 C
984 3088 1149 3144 authoritate
1164 3085 1329 3157 apostholica
1342 3083 1451 3140 subnixi
1472 3081 1667 3140 consentiendo
1682 3081 1773 3137 dant·

141 3171 288 3243 loigentem
303 3190 317 3229 a
340 3177 476 3232 miracolis
491 3186 679 3233 eoruscantem
693 3193 708 3232 a
721 3179 829 3249 regibus
841 3178 931 3248 sinqu-
983 3179 1081 3247 riruus,
1096 3179 1123 3234 in
1138 3187 1223 3234 totum
1235 3177 1277 3253 vel
1299 3178 1326 3232 io
1351 3184 1455 3247 partem
1470 3183 1602 3232 temerare
1624 3181 1775 3245 temptam·

141 3262 235 3319 lariter
262 3267 435 3323 emunitatem
461 3268 524 3324 rrrbs
552 3275 643 3324 nostra
677 3277 733 3325 tota
760 3269 932 3340 promeruit,
982 3269 1148 3338 niueumque
1162 3262 1380 3338 praesumpcionis
1394 3265 1533 3322 audaciam
1555 3260 1775 3334 diqnaemeuda-

141 3362 286 3424 prestante
298 3357 418 3426 piissimo
432 3358 601 3427 naqooaruo
624 3361 758 3431 qnondam
772 3376 845 3431 rege,
862 3361 931 3420 iute-
983 3359 1056 3414 tione
1074 3358 1164 3413 minus
1180 3358 1330 3414 correxerit
1355 3356 1382 3411 in
1396 3365 1557 3427 perpetuom
1571 3349 1772 3424 percellendum

141 3458 217 3512 gram
232 3447 406 3503 emunitatem
417 3449 780 3520 suscipit.dignumarbitror
793 3453 932 3509 murrusab
981 3467 1012 3508 se
1026 3451 1142 3516 noverit,
1157 3467 1212 3507 non
1223 3451 1310 3509 solum
1336 3457 1472 3508 tantorum
1493 3448 1626 3505 renitentia
1646 3446 1775 3504 sacerde-

142 3535 237 3591 endem
261 3537 433 3606 impetratum
452 3539 592 3596 eidemrel
606 3541 692 3599 iusuo
719 3543 870 3601 viventibus
884 3560 931 3616 pa-
983 3552 1055 3608 tum,
1083 3542 1230 3600 sedetiam
1257 3542 1410 3612 equissimo
1431 3540 1585 3612 apostolicae
1609 3540 1785 3596 scandemus·-

143 3626 259 3681 troeiuio
274 3631 448 3685 trementibus
475 3631 544 3688 arinis
569 3633 700 3703 prolerre.
718 3635 838 3695 l‘rmlatis
866 3652 930 3708 erqo
982 3633 1061 3689 tionis
1072 3634 1185 3688 aculeo:
1202 3633 1329 3703 quoniam
1339 3633 1438 3688 uiolare
1449 3630 1623 3701 pertinaciter
1631 3632 1704 3687 niem
1717 3641 1771 3701 est,

142 3715 268 3773 iratribus
280 3727 310 3774 et
323 3718 412 3776 abbati
424 3720 486 3790 jura
500 3724 670 3780 servantibus
679 3734 785 3795 patrum
798 3726 930 3794 cedimus,
981 3725 1053 3793 quod
1066 3724 1209 3780 salubriter
1223 3737 1385 3780 conservare
1400 3720 1539 3777 debuerat.
1556 3719 1588 3774 Et
1603 3720 1638 3774 ita
1663 3736 1772 3791 qnoque

141 3811 929 3887 cessosquerolumusecclesiecensus,serritotes.opera,
980 3812 1062 3881 liujus
1076 3810 1205 3882 privilegii
1228 3810 1335 3867 sanctio
1364 3808 1439 3864 hrma
1470 3817 1582 3864 aerata
1611 3808 1773 3864 indiminute

142 3899 305 3966 nransiouea,
320 3909 423 3970 pastus,
434 3918 556 3969 monera,
579 3903 664 3970 laerta,
681 3904 764 3973 fisco,
785 3907 928 3977 episcopo,
982 3901 1108 3971 persistat
1122 3908 1203 3972 atque
1215 3908 1386 3972 permaneat,
1399 3913 1462 3968 erqo
1480 3898 1553 3969 qood
1572 3906 1600 3954 et
1615 3898 1774 3968 precellen-

139 3986 290 4055 judicebus‚
306 3992 396 4048 missis
419 4002 447 4049 et
457 3994 657 4064 archidiacono,
669 4003 696 4052 et
707 4013 801 4054 omnes
815 4013 930 4056 consuc-
981 3991 1074 4046 tissimi
1089 3992 1175 4046 totius
1188 3989 1280 4045 Gallim
1294 4003 1381 4059 retes.
1398 3998 1426 4043 ut
1446 3988 1547 4057 turibii
1567 3987 1773 4058 comperiens.

143 4081 248 4137 todirres
274 4085 419 4141 seculares
442 4096 613 4157 amputemus
639 4103 687 4143 seu
713 4103 884 4152 resecamus,
903 4099 932 4147 ea
981 4083 1013 4138 ad
1024 4080 1210 4152 reprimendas
1229 4081 1357 4137 laicorum
1369 4078 1579 4147 infestaciones,
1602 4078 1691 4135 edicto
1705 4094 1773 4150 prm·

140 4171 268 4240 rqrricqnid
282 4175 359 4229 nobis
376 4175 419 4229 rel
445 4177 546 4232 eisdem
561 4178 663 4233 servire
685 4176 783 4235 dareve
796 4178 929 4248 solebant,
982 4173 1169 4257 munireidcm
1184 4171 1337 4229 reiterablle
1350 4171 1543 4228 monasterium
1558 4172 1642 4241 repuli
1668 4171 1771 4243 pietate

140 4269 167 4316 ct
179 4262 286 4332 quidem
298 4266 436 4333 possident
455 4268 497 4323 rel
511 4244 603 4324 adhue
619 4268 752 4340 largiente
775 4269 892 4326 Domino
915 4286 930 4326 a
981 4264 1082 4335 dignati
1108 4276 1181 4332 sunt,
1195 4263 1232 4319 ita
1247 4274 1275 4319 et
1288 4278 1348 4326 nos.
1365 4263 1513 4333 inspirante
1532 4263 1667 4330 Domino,
1691 4263 1775 4332 ptem

140 4350 295 4408 christianis
316 4352 471 4411 bominibus
493 4357 630 4413 conlatum
644 4359 734 4424 luerit,
750 4358 800 4414 sibi
823 4374 933 4430 semper
980 4355 1127 4412 devotione
1149 4355 1277 4424 deinceps
1290 4354 1316 4408 iu
1332 4354 1359 4408 id
1382 4353 1468 4424 ipsum
1491 4353 1681 4409 venerabelem
1695 4351 1772 4411 Gon,

142 4441 289 4510 vindicent,
300 4444 418 4500 habeant
430 4455 511 4517 atque
527 4455 659 4518 perpetuo
670 4449 731 4518 inre
746 4456 866 4520 tempore
878 4464 928 4505 no·
944 4464 968 4526 0
981 4447 1135 4502 thramnum
1148 4446 1284 4513 abbatem,
1298 4460 1429 4516 suamque
1441 4446 1678 4517 congregationem
1690 4487 1698 4514 ,
1726 4444 1770 4502 rei

142 4537 199 4584 stro
213 4531 254 4586 rel
281 4548 468 4590 successurum
484 4545 639 4593 nostrorum
655 4537 812 4606 defendant,
837 4541 930 4609 eisque
981 4536 1084 4608 prelati
1097 4535 1270 4610 monasthyrii
1285 4534 1376 4592 Sancti
1396 4535 1504 4594 Martini
1526 4536 1668 4599 anmstetis
1690 4535 1784 4595 eoin„

141 4623 264 4690 proiciat
278 4626 388 4704 pereuni
413 4615 557 4692 strictitate3
577 4643 626 4686 nec
644 4629 722 4685 nohis
737 4670 746 4697 ,
774 4645 825 4687 nec
837 4640 929 4689 nostro
981 4643 1042 4683 raros
1055 4627 1232 4685 confirmare:
1250 4636 1279 4682 ot
1293 4628 1413 4697 inspecta
1428 4627 1484 4696 ipsa
1497 4626 1636 4697 priuilegia
1650 4636 1704 4681 tam
1718 4626 1781 4685 dev

140 4713 265 4782 cuiqnam
280 4717 431 4772 successori
444 4719 587 4788 quicquam
603 4719 675 4774 aliud
693 4720 767 4786 dent,
781 4721 832 4776 nisi
852 4721 929 4790 juata
981 4734 1102 4776 cessores
1114 4720 1197 4775 nostri
1208 4718 1360 4789 crotperthi
1372 4727 1395 4783 ¹,
1408 4717 1634 4788 Bertboni,qnam
1647 4718 1772 4776 ethdee-

141 4806 369 4872 postholationem
391 4807 502 4863 fratrom
522 4809 563 4864 vel
578 4817 677 4864 statuta
704 4820 857 4869 sanctorum
880 4828 929 4885 pa·
982 4810 1067 4874 datlri,
1079 4824 1154 4880 papae
1168 4808 1241 4864 urhis
1256 4808 1346 4863 Romae
1358 4821 1406 4864 sen
1426 4807 1646 4865 confirmationes
1668 4809 1769 4878 glorie·

141 4901 223 4959 trum,
237 4900 317 4964 quarn
332 4897 595 4969 honoresimpositac
619 4916 724 4967 matius,
741 4903 928 4970 graduumbe·
981 4918 1071 4958 sorum
1086 4915 1189 4970 requio,
1204 4908 1235 4957 ut
1253 4910 1347 4956 nosne
1367 4909 1490 4970 tempore
1512 4901 1558 4957 vel
1583 4916 1769 4958 successurum

140 4983 309 5044 nedictioncs
330 4989 572 5059 subsequentium,
605 4990 708 5054 altaris,
723 4993 876 5050 chrismatis
900 5005 930 5051 et
981 5000 1133 5048 noseorum
1150 4990 1309 5046 omnimodis
1335 4989 1525 5048 inviolabiliter
1546 4992 1724 5058 conservitur,
1740 5001 1769 5049 et

140 5073 193 5128 olei
208 5078 308 5141 sancti;
328 5087 356 5133 et
367 5080 418 5134 hoc
431 5081 517 5150 ipsum
541 5082 641 5151 absque
665 5084 741 5138 navilo
755 5086 866 5156 praemio
890 5101 932 5144 se·
981 5081 1007 5136 in
1019 5080 1090 5135 ”⁰¹¹⁸
1103 5080 1223 5151 illlibii
1237 5088 1326 5149 parte,
1339 5081 1408 5138 iiiiii
1429 5097 1444 5138 ί
1465 5082 1544 5138 ¹³0bi⁵
1558 5082 1696 5139 difficiunt
1709 5090 1767 5150 0⁵⁸·

139 5163 257 5219 cundum
272 5176 378 5223 sancus
393 5168 546 5240 Scripturas
558 5173 702 5241 accipiant.
716 5173 751 5230 ln
765 5175 788 5231 si
803 5175 929 5235 abbasah
980 5179 1179 5240 corrumpatur.
1207 5167 1343 5242 umnam
1365 5181 1392 5229 et
1406 5173 1579 5243 conjuramus
1597 5189 1768 5233 suecemnres

141 5250 192 5311 nae
207 5254 266 5312 lom
281 5258 429 5329 dicesserit,
453 5262 674 5331 persuasionem
694 5273 851 5322 memoratae
864 5281 930 5323 eon·
981 5272 1097 5330 nosnos,
1112 5261 1261 5319 secundun
1280 5266 1366 5320 sanan
1378 5264 1453 5320 Pauli
1468 5269 1633 5337 erumpunt,
1645 5282 1693 5338 per
1716 5282 1767 5324 no-

140 5347 307 5419 erogationis
317 5352 484 5419 monasterii,
500 5369 615 5424 quorum
630 5355 684 5410 rita
707 5355 826 5426 perlecta
839 5357 929 5414 credi·
980 5369 1041 5410 meu
1058 5353 1163 5411 bomini
1185 5356 1270 5411 nostri
1284 5353 1347 5412 iesu
1369 5355 1478 5424 Christi,
1493 5364 1523 5412 ut
1536 5358 1622 5429 ipsum
1644 5359 1769 5423 sentiatis

161 5527 189 5599 ι·
210 5519 399 5606 crorpeuunn
413 5541 428 5581 a
440 5526 575 5584 Berthnnn
589 5528 804 5600 distinguendum
819 5540 929 5589 conten·
980 5535 1108 5592 berthoni
1120 5543 1199 5593 notus
1214 5536 1259 5593 sit.
1279 5535 1332 5592 Sed
1356 5545 1501 5606 utrumqne
1521 5554 1621 5597 nomen
1642 5542 1771 5600 distincte

141 5586 181 5640 ‘¹¹²
191 5587 323 5661 wintine,
340 5596 435 5678 dnm!-
451 5605 471 5653 l·
486 5597 530 5666 Ν,
545 5613 604 5669 batt·
622 5597 683 5664 596,
695 5608 723 5657 et
736 5617 875 5672 perperam
888 5602 929 5660 is·
978 5607 1089 5663 exhibet
1102 5606 1196 5664 charta
1208 5607 1362 5664 authentica
1377 5607 1558 5667 allabillooio
1571 5609 1714 5684 diligenter
1726 5613 1771 5676 in·

141 5666 245 5741 trusum
261 5661 389 5719 Berthonr
412 5682 509 5724 nomen
529 5672 555 5724 in
574 5671 665 5726 charta
679 5669 786 5727 ibbonis
798 5673 927 5743 conjicit,
980 5684 1085 5749 specta,
1099 5677 1171 5749 qnod
1191 5679 1374 5748 conjecturam
1388 5677 1487 5736 eoique
1501 5680 1607 5739 aerati,

140 5743 202 5784 euru
215 5739 284 5790 tuter
297 5735 439 5806 pontifices
451 5738 621 5798 Turoneuses
635 5740 723 5798 nullus
738 5742 805 5800 alias
820 5745 929 5807 nomine
