3780 6120
75 310 138 367 bbi
351 310 385 369 lii
404 312 513 372 titttt
532 313 562 373 S.
582 314 737 374 labntttt
756 318 1021 380 sebastiensis
1042 323 1191 382 ettscutt
1212 324 1443 386 tumuuutttu.
1665 336 1721 395 tte
1813 334 1816 339 ’

74 424 180 479 uirtute
194 422 307 480 acculei
332 424 419 494 liquor
440 426 588 495 damnum,
616 445 667 486 nec
690 430 745 487 ulia
769 430 873 488 iliarum
888 444 913 503 g
927 438 1105 495 uenerandum
1119 454 1206 496 uotiua
1222 441 1364 498 deuotione
1376 447 1534 502 memoriam
1550 451 1720 509 narrauimus

73 516 271 571 coiiituctiunie
295 519 440 573 sustineret
456 518 656 578 detrimentum.
683 521 751 578 llere
776 525 873 579 eteniat
928 531 1081 602 recolenda,
1098 533 1131 590 de
1144 533 1382 591 innumerabilibus
1395 536 1520 594 uidelicet
1535 555 1628 609 pauet,
1654 543 1719 600 sub·

73 606 152 662 titios
165 607 286 676 gaudens
297 610 384 664 siiima
400 609 529 681 gloriatur
543 612 672 670 ieiicitate
686 626 805 685 eteros,
827 619 874 671 iia·
928 620 1155 690 missisprccibus
1170 626 1235 681 tniiti
1247 627 1350 696 patroni
1363 628 1536 698 imploremus
1548 635 1718 692 uastitatem

72 697 147 755 beas
160 699 309 770 lampadem
323 712 443 759 sanctam
453 718 514 760 cum
530 706 737 778 inexstinguibili
753 708 871 777 lucerua,
926 721 955 766 ut
964 712 1008 784 qui
1022 729 1083 770 eiiiti
1097 714 1160 771 iecit
1173 732 1316 775 coruscare
1331 721 1475 787 miraculis,
1490 738 1539 779 nos
1557 722 1638 780 iaciat
1651 742 1718 784 exu-

71 793 141 861 tguis
155 792 214 849 sine
237 794 323 850 laudis
338 795 461 853 humanae
476 813 573 868 pompa
599 799 657 870 ojus
680 816 774 856 manus
798 817 873 856 nun·
924 803 1020 863 bersre
1037 807 1163 870 oneribus
1187 809 1272 875 biinis,
1288 812 1471 881 concedatque
1485 814 1563 871 nobis
1577 819 1717 887 presentis

70 900 158 955 qusai
173 888 289 943 amarit
300 889 334 945 ab
352 904 435 960 opere
448 891 652 958 misericordie,
669 894 738 964 qnod
766 895 869 949 indica-
924 897 985 951 uitae
999 913 1106 954 cursum
1120 900 1178 955 sine
1188 899 1289 958 adeost
1301 911 1496 972 transcurrere,
1509 909 1717 982 continuamque

71 979 283 1051 turbujusntodi
300 984 412 1052 liquore.
432 983 504 1040 itlius
514 987 632 1056 potentia
649 986 706 1042 lieo
720 986 791 1043 editu
805 995 869 1042 sont
922 989 994 1059 pai-is
1007 991 1225 1064 tranquillitatem
1237 995 1368 1063 obtinere,
1385 1008 1413 1053 et
1427 999 1452 1053 iii
1464 997 1554 1056 lutura
1567 1004 1668 1059 seculo
1681 1005 1714 1058 aii

69 1066 215 1135 uincula,
227 1070 273 1143 qui
289 1085 334 1144 per
356 1073 443 1129 crucis
458 1082 615 1142 tropauina
631 1084 718 1131 morte
740 1084 867 1145 perpetuu
921 1083 979 1153 ejus
994 1086 1157 1141 consortium
1170 1086 1283 1144 feliciter
1294 1090 1445 1159 peruenire,
1467 1091 1512 1160 qui
1535 1091 1562 1148 iii
1585 1093 1717 1153 trintina

67 1172 160 1231 gertus
169 1162 283 1219 redemit
306 1164 463 1234 liumaiiuin,
484 1176 512 1223 et
534 1182 549 1222 a
574 1168 689 1238 pecrstis
709 1169 866 1225 mundatum
921 1176 1246 1249 uiuitetgloriaturiieus
1260 1180 1410 1248 peremnia
1424 1182 1519 1237 seacula
1542 1181 1718 1241 soculorum,

67 1248 147 1305 dedit
162 1252 465 1309 conscendereeoeiuiu.
487 1254 520 1311 lit
534 1257 660 1327 quoniam
679 1257 866 1328 gloriosissimi
920 1265 1016 1323 Amen.

67 1342 201 1401 annuitis
209 1342 320 1401 leobini
335 1346 463 1418 preclara
484 1349 673 1405 miraculorum
685 1352 817 1422 praecunia
831 1351 867 1407 ob

64 1496 1716 1551 Μ

489 1795 522 1848 lli
539 1795 640 1850 Vleli
657 1798 685 1850 S.
702 1798 849 1852 neuuilit
866 1798 1010 1852 EPlSCOPl
1026 1798 1279 1851 annuntiatus.

102 1928 136 1987 s.
154 1925 284 1990 tteurtttt,
299 1926 413 1994 episcopi
424 1926 620 1996 Andegarensis,
636 1926 721 1981 l'itnm
737 1923 760 1976 F
762 1933 880 1980 artenaio
895 1922 1013 1980 nottaulli
1027 1923 1260 1987 attribuentium
1272 1938 1334 2006 gnos
1345 1922 1502 2006 Tritiicinius
1513 1935 1536 1981 et
1551 1926 1657 1997 Serius,
1669 1932 1705 1986 nd

64 2000 132 2055 dictu
146 1996 183 2052 26
194 1997 363 2061 scelestibus,
375 2006 399 2051 et
415 1997 529 2053 Vossius.
545 1997 580 2051 lii
599 1998 695 2065 iereod
709 1997 737 2051 id
749 1996 910 2051 sentiendum
931 1994 1027 2049 adduci
1045 1996 1163 2049 uidentur
1183 2002 1333 2049 auctoritate
1353 2005 1378 2049 et
1400 1998 1544 2051 testimonio
1569 2002 1706 2069 eujusdam

69 2068 187 2135 drumm,
203 2070 235 2123 dc
245 2084 296 2138 guo
311 2068 373 2120 aiibi
387 2071 541 2122 eiectionem
554 2069 667 2137 serimus,
683 2068 728 2138 qui
741 2067 782 2120 sui
794 2075 924 2120 auctorem
936 2068 1040 2135 prefert
1051 2064 1157 2134 Gregor.
1172 2063 1360 2130 detruncarem,
1376 2075 1399 2120 ct
1409 2067 1440 2119 ab
1455 2068 1511 2129 ipio
1532 2071 1643 2138 scriptus
1665 2082 1704 2131 ret

68 2140 101 2193 sd
112 2126 330 2202 &Germanum
344 2137 512 2193 Porisieascm
523 2139 680 2192 antistitem:
691 2141 717 2191 in
727 2153 777 2206 gno
788 2138 938 2208 Gregorius,
961 2145 1054 2204 rogatu
1078 2134 1210 2200 Germani,
1228 2137 1379 2212 ¹emendasse
1391 2153 1418 2216 ss
1441 2139 1555 2217 affirmat
1582 2140 1656 2197 Vitas
1677 2155 1706 2201 ct

68 2210 194 2265 nirsruts
205 2224 266 2279 quar
282 2208 411 2262 nominos
424 2224 471 2276 per
486 2209 514 2262 ll.
530 2209 679 2262 biauriliuin
694 2218 774 2276 atque
785 2207 921 2273 bibinum,
933 2208 1290 2274 budegaiuiuniaritistttes,
1309 2221 1414 2275 operari
1430 2207 1615 2277 dignatusest,
1635 2228 1703 2281 quas

71 2278 233 2335 Fortunatus
249 2278 392 2349 presbyter
406 2278 542 2333 loculento
556 2294 680 2334 seinione
693 2279 882 2347 decripserat,
895 2276 1056 2355 scripturum
1073 2277 1144 2332 uitiis
1154 2276 1208 2346 jam
1225 2290 1292 2345 piene
1306 2276 1475 2345 depravatis,
1492 2289 1544 2335 etc.
1570 2280 1622 2346 Qui
1641 2300 1702 2352 pra-

74 2352 140 2423 lsgus
153 2351 253 2421 integer
267 2349 360 2420 legiinr
371 2349 468 2418 otieris
484 2348 608 2417 Operibus
620 2348 687 2416 Greg
716 2347 805 2402 Tana
820 2349 854 2400 cl.
880 2346 1089 2402 diuinarteditis.
1263 2417 1269 2427 .
1351 2418 1356 2429 Ι
1577 2421 1583 2432 Ι

10 2460 13 2471 ,
103 2420 156 2475 Sed
167 2419 285 2490 plerique
296 2419 379 2473 critici
388 2428 413 2471 rt
425 2420 519 2473 auditi
530 2421 578 2473 riri
591 2422 658 2472 iiiinc
667 2419 807 2487 Prologum
815 2421 974 2488 suppositum
984 2434 1014 2470 oc
1022 2419 1089 2485 salso
1101 2418 1241 2486 ascriptum
1249 2416 1704 2499 GregorioTurottcnsioritttanturg

10 2478 12 2493 '
76 2504 102 2544 ts
111 2506 160 2555 guo
169 2506 222 2543 non
235 2489 353 2543 dubitant
366 2488 449 2542 Vitam
461 2490 533 2544 iliani
547 2490 578 2545 δ’.
593 2490 711 2544 ttoioitti·
720 2509 736 2541 o
751 2487 896 2543 Fortunato
907 2490 1131 2558 abjudicaremus
1144 2491 1235 2543 attilia.
1248 2505 1326 2557 eoque
1336 2505 1434 2558 gratio,
1448 2493 1699 2549 rationiinimonieu·

79 2562 232 2614 usucdennt
246 2575 321 2613 neca
338 2558 462 2613 l'caantio
476 2559 619 2614 Fortunato
639 2559 723 2614 Vitam
738 2561 813 2614 istam
832 2561 1002 2628 conscriptam
1017 2561 1104 2628 tuisse,
1117 2575 1161 2611 nec
1183 2576 1198 2612 a
1221 2556 1265 2613 Gn
1273 2560 1344 2629 gorio
1365 2557 1507 2615 Turaneiisi
1528 2564 1700 2620 emendatam.

81 2630 132 2684 ilcc
141 2631 228 2685 eureio
240 2630 370 2683 rationum
379 2628 594 2684 morirentalooa.
607 2629 749 2690 munitius.
762 2646 816 2683 sac.
826 2628 960 2701 tdeologiie
969 2631 1056 2683 doctor
1071 2630 1232 2694 turtureum,
1249 2629 1379 2697 profertet
1389 2639 1461 2701 urget
1473 2632 1501 2685 in
1510 2635 1700 2704 dissertatione,

78 2698 100 2753 iu
141 2720 155 2751 a
170 2702 203 2754 de
212 2709 318 2754 auctore
335 2698 399 2754 Vite
413 2698 444 2756 S.
460 2700 578 2754 llanrilii
591 2701 697 2769 inquirit
709 2700 843 2770 :eqriibus
857 2701 988 2771 precipua
998 2716 1049 2754 aon
1059 2702 1106 2753 crit
1116 2700 1142 2752 iil
1152 2715 1228 2752 enum
1240 2701 1284 2753 iiie
1295 2698 1408 2780 celer-rer

121 2770 175 2824 ituit
220 2772 299 2823 intuiti
310 2771 388 2839 igitar
400 2779 446 2831 est,
468 2769 574 2841 Prologi
585 2774 673 2831 iuius,
683 2786 757 2838 quetis
769 2770 910 2840 Gregorius
923 2770 958 2823 od
970 2772 1002 2825 S.
1011 2770 1168 2825 Germanum
1182 2772 1258 2824 mittit
1272 2811 1280 2833 ,
1292 2772 1483 2851 iincrtpttoiiem
1495 2788 1506 2827 .·
1521 2774 1698 2839 Sanctissimo

83 2850 167 2896 uscue
219 2843 345 2894 risioroio
361 2843 453 2894 matris
464 2838 592 2896 Ecclesiae
605 2842 746 2909 presuluiii
769 2840 879 2896 domino
898 2840 1053 2905 Gerinino,
1075 2840 1221 2902 Gregorius
1248 2842 1389 2895 Turuiiici·
1410 2847 1567 2912 trictiopoiia
1590 2851 1699 2911 nutritiis

81 2912 206 2979 epicopus
220 2913 345 2975 talitteni,
361 2912 563 2965 olieiinincssca
578 2922 719 2981 temporum
732 2911 835 2965 illorum
848 2927 918 2966 inore
942 2922 966 2964 ct
982 2911 1176 2973 rorisurtndinc,
1196 2912 1286 2980 qiiibnr
1307 2911 1420 2991 nondum
1443 2929 1497 2969 mos
1512 2916 1655 2977 incaluerat
1670 2936 1710 2980 at·

82 2982 180 3047 tuiibet
190 2978 319 3043 Ecclesia,
330 2991 421 3034 sancta
435 2988 520 3035 motet
537 2982 654 3037 Ecclesia
670 2981 982 3045 inritamina-alienum
993 2982 1053 3034 item
1066 2984 1146 3050 fnisse
1161 2996 1181 3061 a
1190 2981 1373 3035 cousuetudine
1385 2979 1505 3052 Gregorii
1516 2996 1544 3040 ut
1564 3008 1592 3045 se
1610 2994 1694 3050 l'isro.

83 3052 133 3105 uice
139 3055 290 3121 metropolis
304 3052 451 3118 episcopani
462 3053 556 3105 diecret
565 3069 575 3117 ,·
585 3054 619 3106 2⁰
632 3054 751 3106 credibile
765 3067 816 3105 nott
825 3068 879 3106 esse
897 3051 981 3106 Vitam
994 3053 1143 3122 scriptume
1157 3051 1302 3106 loctunato
1314 3052 1400 3105 adbuc
1409 3057 1554 3124 superstite,
1578 3063 1630 3119 into
1653 3069 1698 3137 gui

83 3124 177 3187 unibus
190 3133 248 3191 post
263 3120 418 3176 Germanum
429 3122 505 3175 nitriis
518 3124 592 3188 eicit,
607 3124 804 3178 essertteoiiom
818 3123 879 3176 oitio
897 3124 933 3177 ita
943 3124 1077 3193 deptauori
1088 3123 1217 3193 petuisse,
1232 3134 1258 3177 ut
1281 3123 1469 3178 sitiendotorem
1482 3133 1641 3200 requireret,-
1665 3138 1697 3190 ti·

83 3192 177 3247 cu'boc
186 3194 284 3263 factum
297 3193 455 3261 contigisset,
465 3208 511 3244 cnr
525 3190 668 3247 Germanus
679 3193 714 3247 ad
728 3192 880 3262 Gregorium
897 3193 981 3262 potins
1004 3192 1178 3248 laconensem
1198 3208 1274 3258 quom
1286 3194 1320 3245 ad
1343 3193 1427 3259 ipsum
1455 3192 1640 3271 Fortunatam,
1656 3210 1699 3263 sui

82 3262 254 3328 minum,
266 3263 381 3315 eamdem
391 3262 578 3316 emendandam
592 3265 711 3324 misisset,
729 3278 806 3333 aquo
819 3262 919 3335 integro
929 3272 953 3318 et
963 3264 1111 3334 irirorr‘upto
1125 3264 1282 3330 exemplaria
1303 3262 1416 3316 obtinere
1432 3269 1615 3332 potuissetis
1630 3276 1696 3333 Gn.

82 3330 151 3395 tttiss
162 3334 189 3388 iii
201 3332 311 3403 prepete
324 3329 439 3403 Prologo
448 3337 485 3385 ito
495 3350 521 3385 se
536 3332 619 3387 l'itom
637 3334 667 3388 S.
684 3332 800 3387 Maurilii
816 3335 956 3388 comestor
967 3336 1062 3402 repert,
1084 3343 1113 3386 ut
1126 3349 1156 3386 ec
1170 3335 1358 3401 praetermiserit
1368 3335 1420 3388 siae
1432 3337 1571 3405 dempserit
1583 3360 1640 3411 quie
1654 3350 1696 3404 iii·

81 3402 420 3473 muneremunere.
436 3401 496 3472 lpse
509 3402 600 3457 deinde
610 3406 700 3458 attexit
710 3405 790 3473 piane
809 3404 996 3469 admirabilem,
1012 3420 1042 3458 ac
1054 3420 1135 3469 supro
1149 3406 1280 3460 bantinum
1294 3405 1372 3472 fidem
1383 3409 1546 3478 stupendam,
1558 3413 1590 3469 s,
1607 3417 1694 3473 tima.

79 3464 317 3540 irradiationem,
333 3474 427 3538 iactam
436 3483 493 3541 post
503 3488 583 3528 eaiios
596 3483 691 3544 septem
701 3490 732 3527 ee
742 3490 791 3544 qno
807 3475 847 3526 iiic
860 3472 955 3528 obierat
967 3489 977 3527 :
990 3490 1076 3545 queo
1091 3471 1250 3541 Fortunato,
1265 3485 1293 3529 ut
1303 3477 1370 3530 idern
1390 3480 1501 3545 fatetur,
1522 3485 1616 3540 aorisia
1636 3490 1692 3558 [gg.

80 3540 153 3597 trq5s
166 3543 242 3611 Quod
256 3554 345 3598 contra
355 3558 427 3597 suam
441 3544 649 3597 consuetudinem
664 3542 837 3598 fortunatum
849 3544 963 3613 appellat
976 3544 1082 3599 beituui
1106 3545 1138 3599 iis
1161 3546 1241 3600 uerbis
1255 3562 1264 3600 :
1280 3547 1342 3602 licet
1364 3546 1428 3600 illud
1445 3546 1537 3604 beatus
1552 3552 1689 3614 Fortuna-

81 3610 222 3683 hprapter
236 3615 326 3667 minus
337 3614 477 3669 ipedcntes
491 3614 622 3679 iiiirisctit,
637 3624 703 3676 etc:
719 3616 748 3669 δ”
761 3616 788 3668 itt
803 3630 833 3668 ca
848 3613 991 3697 Vitoplura
1004 3616 1079 3681 plone
1090 3617 1259 3670 adversantur
1271 3617 1335 3686 rtgio
1345 3626 1370 3671 et
1391 3624 1568 3679 consuetudini
1582 3627 1689 3699 Gregor.

80 3670 170 3748 duem,
181 3685 253 3754 guod
266 3684 407 3737 indiciaest
421 3685 505 3751 ipsum
519 3700 567 3737 suc
577 3700 656 3739 manu
670 3686 741 3739 i'ilont
754 3700 805 3738 non
822 3700 982 3750 correxisse,·
1004 3695 1129 3752 postremo
1144 3688 1190 3741 illo
1212 3688 1240 3741 in
1264 3686 1325 3742 Vita
1342 3688 1464 3742 mactatur
1477 3707 1550 3760 supr.
1576 3703 1694 3768 portitori

78 3742 194 3821 ctigerius
206 3753 318 3823 liagnus
332 3755 376 3825 gni
388 3755 424 3807 ait
436 3770 445 3808 .·
458 3752 538 3808 Fides
553 3770 605 3808 nori
620 3754 699 3810 babet
714 3755 839 3811 meritum
853 3755 895 3810 cui
912 3755 1027 3810 liuuiatia
1043 3759 1112 3811 ratio
1137 3758 1237 3825 praebet
1254 3756 1485 3827 eupetiiiientuiti;
1501 3770 1532 3816 at
1550 3764 1692 3840 Gregorius

79 3810 168 3904 {eguus
180 3825 285 3879 nonnisi
296 3842 341 3880 on.
356 3820 567 3948 5909liomaania
579 3825 664 3879 sedern
674 3825 849 3880 conscendisse
861 3826 964 3896 legitur,
978 3842 1036 3880 cunr
1051 3826 1082 3882 S.
1102 3825 1256 3896 Germanus,
1271 3830 1305 3883 ad
1314 3846 1388 3899 quem
1414 3827 1475 3885 Vita
1484 3833 1531 3887 illo
1558 3842 1692 3897 emendato

182 3895 413 3950 descendendi
436 3933 442 3946 .

76 3896 280 4020 “madunt
293 3963 461 4019 Bollandiste
474 3964 514 4032 (id
528 3965 596 4031 quod
609 3974 632 4019 et
650 3964 781 4020 Lauricius
792 3975 853 4022 onte
868 3966 939 4036 ipsos
952 3964 1095 4021 odi=erterot
1112 3966 1188 4021 citato
1203 3984 1281 4033 supra
1296 3969 1375 4039 loco),
1390 3973 1458 4039 guod
1471 3989 1529 4028 cum
1544 3974 1690 4049 lingeuro.

75 4026 179 4097 ‘meite
196 4034 355 4107 legimus,
376 4037 511 4103 episcopiis
530 4035 731 4106 Aedegotiensis,
748 4037 856 4091 alteiam
877 4035 908 4091 S.
924 4035 1043 4090 ddourili'i
1073 4033 1158 4090 Vitam
1177 4053 1203 4090 sc
1221 4040 1354 4105 scripsisse
1366 4042 1479 4107 latratur
1493 4061 1536 4099 on.
1553 4046 1615 4114 utu,
1631 4062 1690 4118 poet

76 4098 151 4159 *ἳιιι
169 4106 287 4177 Gregorii
302 4103 398 4160 Turon.
414 4120 458 4158 en.
473 4102 632 4169 initantum,
645 4106 715 4159 band
729 4107 807 4174 indie
826 4106 912 4161 Vitam
940 4122 956 4160 a
971 4104 995 4159 F
996 4117 1114 4187 artenaio
1131 4107 1305 4189 elucubratam
1321 4118 1346 4163 et
1364 4127 1379 4162 a
1395 4108 1519 4180 Gregorio
1547 4131 1689 4175 correctum

158 4178 278 4246 epotiiit,
294 4190 340 4228 tice
352 4176 441 4230 eadem
451 4191 502 4228 aon
514 4191 575 4229 usus
591 4177 691 4243 suisset,
702 4177 725 4228 si
740 4178 815 4231 modo
829 4187 961 4248 cogitasset
971 4185 1112 4241 restitisse·
1127 4193 1184 4231 cunr
1199 4194 1253 4249 ipsc
1267 4188 1350 4231 tniiieii
1363 4184 1397 4232 ad
1410 4197 1500 4236 norom
1519 4184 1550 4238 S.
1570 4186 1689 4245 ilperini·

95 4242 144 4299 itu
155 4246 357 4302 decubriiiidem
368 4247 537 4303 manotensis
547 4248 630 4299 solum
641 4247 672 4300 iis
687 4247 806 4319 adjutura
815 4263 843 4301 se
854 4249 932 4317 tuisse
944 4258 1122 4302 eooiinemoret
1132 4263 1189 4319 grie
1199 4265 1215 4303 a
1228 4247 1304 4302 iuste
1319 4251 1463 4322 presbytero
1473 4255 1561 4311 relicta
1569 4262 1686 4326 fuerant:

72 4310 128 4381 ‘titt
136 4328 271 4387 propterca
285 4317 460 4370 tontumiaodo
470 4318 621 4370 mentionem
628 4316 708 4441 ἑιιιι.

98 4380 129 4441 Gi.
138 4402 195 4441 uero
210 4386 321 4442 iiuiitort
332 4387 359 4440 in
376 4385 457 4454 Preti.
473 4388 506 4440 ad
519 4385 568 4457 (lp.
584 4385 615 4441 S.
650 4386 746 4459 regorii
761 4384 871 4454 Turum,
883 4404 956 4442 nunt.
968 4384 1013 4452 80,
1026 4388 1142 4443 renident
1152 4406 1204 4443 rem
1218 4389 1307 4444 erincit
1317 4407 1348 4445 ea
1361 4392 1460 4447 duobus
1469 4410 1530 4451 nise.
1539 4395 1685 4472 codicibus,

71 4459 209 4513 miettcei
226 4456 422 4512 vindocinensis
437 4456 595 4520 monosterii,
611 4456 643 4510 ab
657 4459 732 4511 aenis
750 4456 912 4513 iiiltlcirciter
926 4467 1043 4522 cantato,
1059 4459 1139 4513 altere
1150 4476 1207 4515 tero
1221 4459 1378 4517 bibliotliecte
1391 4462 1422 4518 S.
1433 4463 1580 4522 Germania
1598 4468 1686 4527 Pratis

69 4534 175 4581 *nutu
196 4526 263 4595 buu,
286 4528 314 4581 iti
330 4528 421 4596 quibus
439 4525 498 4580 Vite
513 4527 544 4581 S.
562 4525 681 4581 Mauritii
696 4529 793 4596 scripto
806 4531 886 4597 inisse
898 4530 991 4598 legitur
1002 4531 1080 4598 g'nssu
1111 4528 1245 4596 linitionis,
1260 4533 1305 4600 gui
1327 4535 1354 4587 iii
1368 4532 1491 4604 Gatoiogo
1507 4539 1684 4607 episcoporum

69 4588 280 4669 flammeum,
295 4599 391 4666 scripto
403 4597 448 4651 sub
465 4596 575 4651 Eusebio
590 4598 718 4667 episcopo,
736 4601 881 4668 trigesimus
894 4599 1000 4669 quintus
1015 4598 1086 4653 iliius
1100 4601 1212 4655 ecclesie
1227 4604 1359 4674 episcopus
1372 4616 1533 4662 nunteratur.
1553 4609 1594 4664 En
1609 4616 1685 4668 serbo

67 4658 171 4721 Ureu
182 4684 244 4723 mss.
260 4687 268 4723 ι
285 4668 380 4730 lisina,
393 4667 528 4735 quondam
547 4669 576 4721 S.
592 4666 696 4721 liartini
714 4670 886 4738 quotidianus
897 4670 1057 4738 discipulus,
1072 4680 1099 4724 et
1118 4686 1227 4740 seniper
1240 4676 1396 4740 canoiiicus,
1417 4689 1449 4732 ac
1473 4690 1531 4746 pust
1549 4683 1682 4739 niodicnni

66 4728 295 4807 blodcgsteusis
308 4736 446 4803 Ecclesiae,
461 4752 493 4792 er
511 4738 588 4790 initio
601 4738 810 4795 Gtiristianintis
823 4755 907 4795 irini
921 4739 993 4811 idi„
1008 4738 1098 4812 rixi]
1111 4741 1218 4798 iiumilis
1233 4744 1386 4812 episcopus,
1401 4746 1436 4801 ob
1448 4747 1576 4805 lioiiorem
1591 4747 1685 4810 Omni·

66 4808 163 4867 mus
177 4810 240 4872 liei,
253 4822 304 4864 nec
314 4824 365 4863 uon
374 4807 529 4877 etejusdem
544 4809 574 4862 S.
588 4807 713 4875 biaut-ilii,
727 4819 809 4878 atque
818 4811 1007 4865 rentissioneui
1020 4813 1202 4878 peccaminum
1213 4816 1312 4868 animai
1325 4829 1391 4881 snae,
1408 4829 1479 4871 atino
1492 4820 1682 4880 incarnationis

64 4872 187 4933 hieira
198 4879 287 4935 adbuc
300 4880 327 4934 ln
342 4893 451 4945 ueccct,
466 4888 493 4933 et
505 4877 684 4934 ordinationis
703 4882 874 4951 episcopatus
887 4878 928 4936 sui
943 4884 971 4935 iii
989 4883 1136 4943 artmano
1146 4882 1233 4938 llitam
1250 4884 1321 4942 beati
1332 4885 1416 4941 llauri
1428 4888 1445 4941 ii
1459 4888 1579 4947 scribere
1596 4908 1628 4948 ac
1641 4911 1683 4951 re·

64 4946 254 5075 welt'ejussit.
279 4950 476 5017 brcbsnaidus,
491 4949 522 5004 S.
541 4948 648 5005 biartini
667 4950 815 5020 discipulus
833 4962 862 5008 et
875 4952 1019 5020 diaconus,
1044 4950 1119 5023 jussu
1135 4955 1237 5023 giratiati
1252 4956 1353 5012 doiuiiii
1374 4957 1503 5015 itaiooais
1526 4963 1634 5033 scripsit
1654 4974 1685 5021 et

113 5033 120 5071 Ι
144 5031 191 5074 tit.

63 5022 160 5145 ,τινα
169 5096 203 5145 iic
215 5091 301 5145 reads
314 5092 407 5145 auditi
420 5106 484 5161 pene
498 5106 584 5145 omncs
596 5092 623 5144 in
644 5107 701 5144 eam
714 5093 868 5147 conueniant
879 5091 1042 5157 sententiam,
1060 5091 1145 5147 Vitam
1166 5093 1199 5150 S.
1215 5095 1331 5151 linuriiii
1343 5097 1444 5167 (saitem
1464 5115 1521 5170 que
1537 5104 1613 5175 uulgo
1631 5107 1681 5157 cir·

63 5162 193 5232 Πίσων)
205 5176 259 5215 eoa
272 5176 327 5215 esce
336 5165 415 5231 setam
431 5158 581 5228 Fortunati,
600 5177 646 5214 iiec
658 5177 675 5214 a
689 5161 720 5215 S.
736 5162 859 5233 Gregorio
874 5161 972 5216 Triton.
984 5166 1144 5217 emendatam
1160 5175 1207 5219 oiit
1225 5169 1345 5238 refectorii
1357 5170 1450 5293 gesisse,
1469 5171 1515 5224 sed
1525 5172 1602 5240 g'nsrii
1618 5174 1682 5227 liei.

63 5230 198 5297 lnisepim
236 5232 441 5302 ‘dudegauenst's
451 5232 530 5301 fnisse
543 5233 722 5302 consmiptam.
740 5233 828 5290 ltocl.
842 5233 923 5288 lluin.
937 5234 1084 5304 tuterapiu
1097 5237 1184 5303 citato,
1199 5236 1341 5304 Lauricius,
1380 5241 1548 5308 iliemontius,
1561 5252 1681 5301 auctores

61 5290 115 5355 l'u.
127 5300 188 5357 biit.
230 5317 317 5366 ratic,
333 5300 514 5367 Botlcndistce,
526 5312 549 5355 et
563 5304 620 5358 olii.

84 5368 201 5429 tisim
218 5372 261 5425 tte
274 5372 434 5442 subjicimur,
447 5373 564 5441 gaumeis
586 5375 652 5426 inter
671 5374 819 5445 epocrgplia
836 5373 975 5430 Fortunati
994 5389 1071 5442 opero
1082 5378 1272 5433 amandandum
1282 5381 1441 5448 judicemus,
1465 5392 1492 5435 ut
1512 5391 1594 5437 mitit
1608 5387 1680 5453 apud

76 5442 150 5497 *isui
163 5444 199 5497 cd
209 5442 278 5497 dieite
292 5443 326 5499 tt
339 5442 481 5511 Septemb,
501 5458 534 5495 nc
548 5443 630 5507 illam,
641 5445 732 5511 quibus
744 5448 824 5499 tisoni
844 5456 892 5509 est,
908 5446 975 5497 riotis
988 5445 1184 5511 illustrauimus,
1199 5449 1321 5504 addentes
1339 5454 1377 5507 rel
1391 5468 1422 5506 eo
1439 5468 1497 5517 quic
1511 5450 1679 5511 Bollaniitotae

88 5514 212 5569 ditissime
224 5513 393 5568 aenatorum.
414 5513 496 5568 l’orro
514 5513 541 5565 ia
557 5514 605 5567 iinc
625 5514 681 5568 Vita
693 5532 769 5583 qaam
790 5517 883 5571 Sarius
901 5516 981 5571 edidit
1000 5517 1032 5569 de
1045 5516 1141 5586 lingna
1156 5516 1278 5595 Gregorio
1293 5523 1385 5577 nieiitio
1412 5539 1463 5579 non
1477 5523 1521 5595 fit,
1537 5540 1582 5580 ner
1596 5525 1681 5585 iiliiitti

88 5584 283 5643 uadimonium
297 5585 417 5655 refertur,
431 5600 504 5639 secus
518 5593 594 5655 atque
604 5588 699 5640 notauit
714 5584 855 5642 Lauricius.
