3810 6128
128 309 176 367 tt·l
468 297 629 357 tonsoris
649 294 730 352 ltolt.
748 291 855 349 ctutt.
876 284 1079 347 FORTUNNH
1097 283 1242 342 occubit
1263 280 1352 342 PARS
1371 283 1404 340 lb
1716 276 1773 333 tls

128 428 217 484 secet,
231 423 396 479 occurreret,
410 413 563 468 audieruut.
572 410 815 466 (lcttlnrurnstttcm
827 405 915 459 xcictn
931 408 954 465 Α
968 414 1021 472 que
1035 400 1125 471 lugeto
1139 400 1254 465 dolore,
1278 412 1374 454 manus
1390 400 1495 470 integre
1513 392 1714 463 reformentur,
1741 410 1773 452 et

128 513 157 569 in
173 518 275 579 gtsrteut
289 524 340 578 ouo
368 506 442 559 illum
458 500 596 557 incluntnri
619 500 773 562 audieram,
790 496 921 564 dirigunt,
973 506 1070 561 sospes
1082 504 1143 545 euru
1159 490 1257 559 gaudio
1271 499 1314 545 est
1328 503 1477 560 regressos.

133 618 184 659 nec
199 616 274 655 tuorx
293 613 354 654 cum
375 593 494 649 oleribus
516 605 661 645 occurrere
683 587 832 644 llutniliuut
858 599 924 639 cort·
1010 582 1054 637 ιιι.
1078 582 1288 652 cicerculum,
1316 583 1438 651 Belgicus
1461 584 1584 652 nomine,
1606 582 1698 654 pritno
1722 580 1773 638 dic

133 702 291 764 sperentur.
309 690 395 756 Quem
410 696 439 741 ut
453 685 657 756 cognovissem,
672 681 798 752 prostrati
809 679 923 751 pedibus
973 674 1087 730 Pascite
1110 675 1234 745 proprios
1247 684 1355 743 segetes
1378 674 1463 731 serris
1478 672 1595 743 propriis
1619 672 1772 728 temerario

137 789 231 857 ipsius,
245 800 304 840 cont
319 796 416 851 trugno
431 780 495 835 llelu
510 778 642 846 rogobont
654 788 683 830 m
696 775 812 845 proprior
825 774 926 827 rubre-
972 767 1037 836 iurc
1048 767 1181 821 intrudere
1195 774 1361 835 praecepemt
1371 805 1381 821 .
1393 764 1524 835 bltncipla
1538 774 1627 821 tutem
1645 776 1709 819 curn
1724 776 1774 819 re·

132 880 203 935 nire
216 875 341 931 eet-testo
355 870 561 940 exposition.
574 868 740 938 eoquorum
755 865 848 921 oerum
861 878 923 918 etin
975 858 1025 912 nur
1050 858 1209 927 cepissent,
1224 870 1256 913 te
1271 857 1362 913 dicere
1381 870 1474 912 centra
1498 859 1686 939 sustentarem
1711 854 1775 911 tore

132 984 163 1025 so
177 982 275 1036 reegero
289 980 341 1020 non
358 970 457 1030 posset,
473 959 688 1028 obstupefactus,
714 969 775 1011 cum
797 952 925 1024 lucrymis
976 958 1006 1004 ut
1023 950 1068 1006 teli
1091 950 1136 1007 die
1157 964 1239 1020 opert
1262 960 1407 1020 agerentur
1428 951 1552 1017 servillx,
1573 950 1701 1007 dominus
1723 962 1776 1005 co·

133 1070 283 1127 repugnare
295 1052 378 1120 coepit
392 1049 528 1115 obnixius,
544 1049 637 1103 dicens
661 1063 668 1100 ι
687 1046 756 1101 tlotn
771 1052 873 1099 memet
893 1056 927 1096 ec
978 1057 1038 1097 runt
1054 1053 1082 1097 nt
1106 1045 1133 1099 id
1149 1054 1263 1116 egerent
1276 1046 1376 1101 inultos
1389 1046 1487 1115 coegit.
1503 1044 1556 1100 Sed
1575 1058 1637 1100 curn
1659 1051 1779 1112 segetes

132 1148 286 1213 inmmerito
298 1142 456 1206 cottstrinxi,
472 1154 609 1209 cottonem
623 1138 651 1192 in
665 1137 778 1202 ,tetriore
797 1146 926 1189 resersu-
978 1132 1106 1203 iugressi‚
1123 1135 1184 1190 lolio
1197 1144 1226 1191 et
1238 1150 1408 1207 quecunque
1433 1136 1537 1192 inutilla
1552 1134 1652 1191 sordre
1667 1140 1779 1190 mults·

132 1251 210 1303 rurn,
231 1235 284 1291 nisi
298 1236 387 1291 clares
401 1232 492 1289 ridere
512 1247 632 1288 mererer
643 1230 742 1285 iterum
756 1242 824 1298 goos
836 1224 928 1280 emisi.
978 1233 1050 1289 sent,
1077 1240 1141 1281 mox
1166 1226 1300 1296 belgicus,
1315 1228 1456 1283 oculorum
1469 1228 1591 1282 cetdtets
1614 1236 1777 1295 percussus,

134 1333 207 1399 onst
220 1329 314 1384 stetim
336 1325 514 1390 exhibentes,
534 1321 664 1393 quidquid
680 1320 790 1374 inmari
807 1316 930 1372 riderent
979 1327 1066 1387 empta
1091 1318 1247 1375 desererent
1270 1320 1408 1377 immensis
1422 1319 1535 1376 voellus
1553 1318 1689 1375 clsmtbsx
1705 1318 1780 1373 lnvl·

136 1422 179 1479 col
201 1420 368 1491 pertuleram
390 1433 425 1471 ex
449 1416 544 1472 ordine
567 1414 730 1469 relerebant.
752 1410 850 1467 Stutint
872 1410 930 1464 ltec
981 1418 1034 1465 tns.
1043 1410 1208 1466 comentem
1221 1422 1428 1481 pertresttnuos
1437 1412 1505 1469 luet
1515 1413 1780 1481 cecitatepermsn·

138 1512 208 1569 leura
225 1511 355 1579 pervolat,
377 1509 518 1577 ipsumque
540 1506 670 1562 sollicitet
684 1519 786 1575 regern.
803 1502 931 1557 llimntur
981 1503 1072 1571 sisset,
1098 1507 1162 1561 dum
1179 1506 1285 1562 bertum
1310 1508 1463 1563 ilenrilintn
1489 1504 1701 1579 procommissi
1723 1502 1780 1560 sitsi

135 1601 239 1670 cuncti,
258 1610 288 1657 st
299 1615 380 1669 ortem
394 1607 421 1652 ut
435 1597 608 1652 bortnlsuutn
624 1596 775 1651 lutbuertnt
799 1606 872 1647 nunc
896 1600 926 1646 ttt
982 1594 1074 1663 populi
1090 1596 1252 1663 saluatione,
1274 1606 1305 1652 ut
1317 1597 1453 1667 episcopis
1468 1596 1552 1653 moris
1574 1602 1628 1662 est,
1643 1595 1724 1650 vicos
1746 1608 1787 1651 xc

138 1691 325 1749 beatissimum
341 1688 484 1758 presulem
499 1692 662 1743 reuerentes
685 1685 810 1748 edorum,
836 1680 930 1737 multis
984 1686 1064 1741 rilint
1077 1688 1207 1742 circuisse
1222 1688 1352 1752 audisset,
1376 1687 1537 1758 cogentibus
1550 1685 1688 1742 coutinuis
1700 1682 1787 1739 dulo-

141 1799 203 1839 eum
218 1782 375 1837 uruneribus
390 1781 523 1834 lionorxrc
536 1790 681 1834 certantes.
704 1777 780 1833 Tunc
795 1775 932 1831 llutrrilius
946 1770 971 1831 tt
987 1775 1072 1843 ribus,
1088 1779 1200 1833 sedulus
1214 1794 1246 1834 te
1261 1780 1376 1836 deuotus
1389 1781 1533 1849 expetebtt
1546 1786 1575 1834 ut
1593 1779 1620 1834 ci
1635 1776 1681 1833 rel
1695 1776 1786 1831 vesti·

141 1882 182 1929 tot
205 1872 338 1940 precibus,
355 1881 384 1923 ιιι
396 1869 597 1940 negtetleretur,
618 1881 647 1925 ct
671 1869 807 1924 ntlrncnlis
828 1868 933 1933 uictus,
988 1879 1107 1923 ruentum
1121 1877 1230 1939 tongere
1243 1872 1390 1927 sucerdotis
1405 1871 1621 1937 concederetur,
1636 1866 1786 1924 conlidens

141 1960 205 2015 dunt
220 1960 359 2015 sollicitior
371 1970 562 2023 cunctaretur,
584 1967 614 2014 et
628 1960 726 2028 vigiliis
740 1970 822 2028 utque
836 1958 935 2013 oratio·
986 1974 1034 2030 per
1049 1962 1101 2015 boc
1114 1976 1145 2017 se
1170 1976 1249 2030 posse
1263 1964 1355 2017 statim
1376 1961 1477 2016 sonari.
1502 1958 1582 2027 Quod
1595 1970 1657 2015 cum
1673 1970 1787 2027 prepu-

140 2057 220 2113 nibus
240 2056 391 2112 insomnem
407 2054 508 2111 doecre
521 2065 680 2123 sequentem
702 2053 859 2123 disponeret
884 2066 935 2106 no·
986 2050 1109 2106 rentibus
1128 2051 1222 2107 enticis
1237 2062 1346 2122 tangere
1368 2054 1524 2118 monuisset,
1537 2065 1601 2105 mox
1613 2048 1716 2104 merito
1731 2062 1779 2103 se·

140 2154 223 2210 cletn,
238 2146 344 2201 tetidem
359 2146 495 2217 iubentus,
511 2145 647 2215 paululum
663 2144 849 2206 obdormiens,
871 2144 937 2198 uidit
988 2141 1106 2196 cerdotis
1119 2143 1209 2198 lumen
1224 2146 1352 2197 smissutn
1372 2143 1494 2212 recipere
1507 2144 1613 2199 tucruit.

141 2237 265 2308 xttgelum
281 2236 416 2292 dicentem
431 2238 484 2292 sibl
509 2237 630 2307 :Surge
648 2235 764 2303 ductili,
781 2243 810 2289 et
825 2234 938 2304 populo·
1025 2233 1072 2290 tl.
1092 2235 1122 2290 ln
1139 2250 1207 2306 pugo
1218 2236 1262 2291 cui
1277 2250 1376 2290 nomen
1390 2243 1432 2290 est
1453 2235 1609 2292 commonit
1624 2245 1686 2295 eret
1703 2250 1789 2307 rupes

143 2342 204 2381 rom
227 2336 253 2382 te
269 2328 463 2398 rcqttirentiunr
480 2341 630 2397 exsequere
646 2338 750 2383 rutum.
774 2327 845 2383 Ecce
865 2330 937 2383 eninr
991 2325 1116 2395 quedam
1139 2326 1267 2390 excelso,
1296 2326 1464 2381 diversatum
1487 2327 1613 2383 arborum
1640 2328 1791 2398 generibus

144 2419 197 2474 tuis
211 2419 336 2489 precibus
351 2428 379 2474 et
393 2420 496 2474 meritis
511 2419 559 2474 tibi
574 2422 733 2474 commissas
747 2421 868 2473 serravit
882 2419 938 2473 lio·
986 2432 1144 2483 nstnoross,
1159 2416 1363 2486 adelrammo
1378 2426 1439 2473 toto
1450 2418 1538 2473 adbuc
1552 2432 1719 2490 ptgtuornrtt
1730 2418 1789 2473 ritu

146 2508 234 2563 minus
248 2523 324 2575 ores,
341 2524 390 2579 pro
403 2509 500 2579 ouibus
516 2511 626 2579 regesti,
642 2518 671 2564 et
693 2510 803 2577 insuper
818 2509 940 2564 reddidit
989 2510 1129 2575 discusso,
1152 2511 1296 2566 stultorum
1326 2512 1413 2567 turbs-
1425 2512 1615 2579 convenierunt,
1641 2524 1789 2569 uterorum

147 2602 195 2656 tibi
219 2617 331 2672 puerum
356 2616 439 2672 quent
461 2602 563 2658 diutius
587 2603 696 2673 plorans
715 2602 848 2671 qttaeuisti.
869 2600 939 2669 Quid
991 2617 1101 2657 suorutn
1115 2603 1245 2658 solemnis
1258 2602 1448 2658 urtttixerssrio
1462 2603 1558 2659 ordine
1572 2588 1724 2658 celebrere.
1734 2602 1790 2659 tibi

148 2692 256 2749 multis?
272 2692 347 2750 iletre
358 2695 472 2762 reddito,
485 2695 707 2750 concurrentibus
722 2694 840 2764 undique
855 2708 942 2763 popu·
993 2708 1042 2761 per
1054 2703 1157 2765 septem
1172 2697 1230 2750 dies
1242 2696 1376 2763 eptrlendo
1390 2702 1420 2751 et
1442 2696 1541 2751 eltnrns
1562 2694 1690 2751 dttcemlo
1703 2702 1792 2765 utque

149 2790 193 2856 lis,
207 2806 269 2846 curu
282 2806 381 2862 magno
394 2791 497 2847 bonore
511 2791 619 2845 ducitur
632 2791 668 2845 od
683 2805 791 2854 nerent,
803 2799 831 2845 et
845 2790 942 2844 trtdu·
994 2788 1195 2856 delncclttnrlo,
1210 2788 1340 2843 solemnit
1353 2803 1401 2844 snt
1414 2789 1493 2858 qussi
1505 2788 1567 2858 jure
1581 2786 1672 2843 debito
1687 2786 1797 2857 persul-

150 2892 220 2947 ctus,
236 2899 290 2940 non
314 2885 410 2939 utinori
426 2885 512 2954 gloria
526 2884 660 2954 excipitur
681 2900 695 2935 ιι
712 2884 797 2950 patrio
821 2884 941 2952 proprio.
994 2881 1103 2936 uebcnt.
1117 2879 1170 2935 Sed
1183 2880 1254 2950 gund
1270 2880 1326 2934 lleri
1348 2881 1374 2934 itt
1390 2882 1453 2935 uiuo
1468 2883 1627 2950 plerumque
1649 2888 1679 2934 et
1702 2878 1797 2949 sputis

151 2976 307 3043 'subterque
322 2978 457 3046 propriant
481 2990 621 3045 regressus
636 2974 670 3029 etl
685 2977 790 3040 urbem,
814 2974 942 3028 nntirunt
995 2973 1073 3040 tolet,
1088 2982 1147 3027 ortu
1162 2973 1306 3039 reditione,
1322 2974 1398 3028 multi
1415 2975 1635 3038 vulnerabuntur,
1657 2972 1793 3029 nonnulli

152 3069 372 3137 exspectantibus
387 3069 483 3134 turbis,
496 3068 530 3124 de
545 3066 651 3122 bomini
667 3068 849 3136 promissione
863 3082 943 3122 secu·
996 3063 1077 3119 etium
1093 3063 1126 3117 tle
1140 3078 1215 3119 ruore
1227 3064 1262 3117 ibi
1276 3063 1476 3135 jugulabantur.
1491 3065 1523 3119 Et
1539 3065 1656 3134 idipsum
1665 3078 1730 3119 crtm
1741 3078 1794 3121 sc-

152 3173 210 3224 rus,
234 3161 306 3215 uertit
326 3159 360 3213 td
377 3161 450 3228 pueri
468 3160 610 3215 tumulum.
634 3158 695 3225 Quo
719 3162 813 3215 rustris
834 3161 944 3216 discoo-
958 3126 982 3192 c
997 3156 1117 3219 uidisset,
1129 3156 1274 3211 ineuitabili
1286 3158 1339 3210 luto
1357 3157 1414 3211 llerl
1430 3156 1641 3225 pmclentubtnl.
1655 3156 1737 3222 Qum
1748 3154 1800 3211 triti

153 3259 240 3317 nerto,
258 3251 364 3306 irtvucut
377 3251 529 3307 diutissime
543 3253 695 3320 planctibus
707 3252 857 3308 liltristum.
870 3254 944 3309 Tsn·
999 3247 1134 3302 Matrrtlittt
1157 3248 1297 3315 comperit,
1315 3261 1364 3301 uec
1389 3260 1476 3313 mort,
1492 3262 1554 3301 curn
1580 3246 1716 3316 religiosis
1736 3246 1801 3316 qui·

152 3339 215 3395 dent
228 3350 318 3395 otttetu
333 3342 438 3409 expieta
453 3358 513 3397 corn
530 3342 656 3412 iacrymis
679 3342 812 3406 oratione,
838 3344 945 3412 otricus
998 3338 1109 3393 bnsdutu
1126 3339 1252 3393 tratribus
1262 3338 1295 3393 sd
1312 3340 1398 3394 locttm
1413 3341 1543 3409 perrexit.
1557 3338 1801 3410 Ubicomjejtrulo

153 3440 326 3499 cotrsurgum,
338 3430 519 3485 bluttrlliurde
533 3431 667 3496 erutione,
677 3441 705 3485 et
720 3447 786 3500 puer
797 3434 832 3487 tle
844 3446 944 3491 inmte.
998 3440 1026 3485 et
1037 3430 1158 3485 orations
1181 3446 1234 3485 utta
1251 3440 1331 3486 nocto
1350 3431 1545 3501 pervigilasset,
1560 3430 1694 3501 gullormxt
1714 3438 1802 3486 centu

156 3518 241 3585 Quem
256 3517 424 3587 septilnrntis
438 3522 552 3590 Spiritus
577 3522 661 3591 grstia
682 3532 890 3589 consecratum,
911 3538 945 3579 cx
1000 3532 1090 3577 tentus
1114 3522 1182 3578 istor
1197 3526 1231 3578 tle
1256 3525 1314 3580 loco
1326 3527 1451 3594 surrexit,
1467 3534 1496 3579 ut
1510 3526 1553 3581 uix
1569 3528 1612 3581 vir
1626 3527 1724 3582 beatus
1747 3526 1805 3582 ιιι·-

155 3621 252 3665 erettttt
278 3614 384 3665 rocurit
410 3611 624 3681 dentitionem
650 3612 749 3667 divinis
770 3612 887 3669 cultibus
912 3615 946 3668 il·
1001 3614 1061 3668 deut
1077 3615 1269 3669 ltobitnrecuur
1281 3618 1338 3672 stris
1353 3626 1453 3687 prosset.
1472 3617 1550 3672 Mune
1569 3624 1659 3672 notem
1677 3616 1804 3683 redditu,

156 3702 208 3756 lico
225 3703 401 3771 ntsnclputus,
416 3714 444 3759 et
467 3718 481 3757 a
502 3705 581 3761 besto
596 3704 721 3759 lluutilio
731 3702 873 3773 diligenter
885 3720 948 3760 cru·
999 3707 1081 3763 etium
1096 3710 1140 3777 utri
1153 3710 1370 3777 superstitionem
1387 3709 1439 3765 loci
1457 3709 1528 3764 illius
1548 3720 1627 3765 strteu
1638 3708 1803 3775 servabam,

158 3793 239 3860 ditus,
266 3800 348 3854 tutttis
372 3801 520 3868 promeruit
540 3799 637 3853 llorere
663 3798 814 3862 uirtutibus,
839 3809 867 3853 ut
888 3805 949 3867 post
1002 3800 1426 3870 intelligentessedirinarirtme
1439 3799 1608 3870 perlerritos,
1621 3799 1804 3869 neepiscopo

158 3885 307 3943 lletnlllnm
331 3890 511 3960 potttillculem
535 3887 738 3959 studegavensis
760 3888 889 3944 Ecclesitc
903 3903 950 3943 cs·
1001 3903 1191 3964 repugnarem,
1204 3894 1253 3962 ipsi
1267 3908 1328 3949 cum
1341 3894 1436 3949 entleut
1451 3908 1531 3948 otone
1542 3905 1638 3947 nemus
1647 3890 1801 3948 succidere

158 3975 279 4033 tltetlrtnt
304 3982 463 4047 postltumus
489 3983 631 4037 sortiretur
655 3990 685 4036 et
705 3981 804 4035 lueres.
828 3979 905 4047 Quod
926 3979 949 4034 si
1001 3996 1029 4042 ot
1043 3988 1096 4056 igni
1109 4000 1284 4043 concremaro
1299 3987 1471 4043 festinabam.
1488 3986 1526 4040 lte
1539 3996 1628 4039 tutem
1642 3982 1803 4053 perignem

158 4067 219 4137 ‘1⁰5⁸
245 4070 364 4127 ῐῡῐῑθῡὸἰῦ
389 4075 565 4128 &sufflaverit
589 4073 751 4137 flbu¹⁰⁵⁰¹¹¹2
774 4070 948 4141 And“illlam
1004 4082 1135 4135 mundato
1149 4081 1220 4147 loco,
1239 4080 1383 4134 sdltlourlt
1396 4079 1431 4133 ibi
1446 4078 1536 4132 stetim
1552 4076 1578 4131 ln
1594 4075 1698 4128 bonore
1711 4074 1806 4129 beuta

161 4171 282 4216 recurrat
295 4161 329 4217 ud
354 4163 458 4217 urbem.
484 4163 522 4217 lbi
543 4164 614 4218 euim
640 4164 760 4217 inueniet
783 4160 950 4230 pretiosissi·
1004 4170 1093 4225 uapiae
1107 4170 1245 4240 genitricis
1259 4169 1359 4224 clxi-ign
1375 4167 1534 4224 basilicam:
1550 4174 1578 4220 ct
1591 4165 1668 4220 locus
1681 4164 1743 4231 illc,
1756 4164 1809 4235 qni

160 4264 234 4305 mutu
248 4251 432 4308 confessorum
446 4251 545 4308 Christi
561 4252 713 4307 linurilium
735 4251 875 4306 immensis
898 4254 952 4305 eir-
1004 4270 1066 4316 gnte
1078 4275 1157 4330 ηιμ.
1181 4260 1224 4315 cel
1248 4260 1322 4316 loco,
1346 4258 1440 4315 uersis
1462 4256 1659 4328 apponebatur,
1680 4252 1811 4311 Castrum

161 4343 422 4414 tuubustlorenten,
434 4354 462 4400 et
478 4360 528 4399 nec
541 4348 628 4399 rninos
642 4344 774 4399 Rettstutu
788 4342 949 4411 antistitem,
1004 4363 1084 4425 pm
1097 4367 1194 4408 ..omen
1209 4354 1324 4422 accepit,

161 4435 456 4503 succensentibus,
473 4434 608 4490 osraenos
620 4442 819 4489 cordoetttlettt.
1039 4443 1086 4500 so.
1107 4442 1211 4498 treton
1223 4442 1318 4498 risten
1332 4442 1426 4498 oreon
1441 4451 1469 4497 ot
1488 4443 1581 4497 setun
1596 4436 1744 4493 trecenos
1757 4438 1806 4493 rn-

200 4526 243 4580 l'l.
258 4525 432 4581 sanctissimo
453 4527 534 4598 igitur
553 4524 722 4582 sacerdotum
740 4525 867 4582 biturilio
888 4537 951 4593 pro·
1007 4546 1048 4592 ger
1071 4533 1203 4604 quosdam
1228 4533 1370 4590 discordes
1395 4534 1430 4589 ol)
1465 4530 1663 4588 reinmundum
1705 4542 1809 4597 paoem

162 4619 229 4687 prire
240 4619 297 4673 sedi
313 4620 446 4685 restituto,
462 4620 526 4688 quid
541 4621 669 4688 proximis
684 4620 773 4673 adbuc
787 4617 885 4673 exinde
896 4615 956 4672 dis·
1007 4625 1243 4681 rccnomtnlcom
1258 4635 1402 4681 noceretur
1417 4625 1450 4680 sd
1473 4626 1576 4680 urbem.
1590 4622 1649 4689 Quo
1664 4634 1730 4674 curn
1744 4620 1811 4677 siue

163 4709 214 4765 but
226 4711 378 4779 courtigerit,
394 4711 524 4765 dicamus.
550 4711 595 4764 vit
617 4710 725 4781 qtridurtt
752 4722 862 4776 usurus,
879 4705 955 4761 tristi·

162 4808 240 4869 gntus
255 4800 414 4867 eupiditate,
430 4810 535 4870 arrepto
550 4801 648 4864 securi,
662 4802 707 4856 die
729 4798 879 4865 llotuinicu,
898 4797 956 4851 ori-

163 4894 214 4945 dos
239 4902 365 4961 operator
390 4893 541 4947 exstiterat.
566 4897 665 4960 Qttcm,
689 4891 793 4946 secutis
814 4888 956 4943 ntuxtulrriu

164 4982 288 5039 omnibns
310 4983 469 5049 inhaerente,
496 4986 561 5039 ttltio
587 4986 678 5039 stotirn
698 4984 788 5039 divine
810 4985 954 5039 subsecuta

164 5082 216 5128 est.
240 5073 313 5129 idern
330 5084 420 5130 omen
436 5076 594 5145 cogentibus
607 5076 757 5139 doloribus,
775 5082 835 5143 post
849 5086 956 5128 ntcttses

164 5166 282 5234 utrinque
306 5166 454 5223 lluurilinm
480 5181 621 5237 expetens,
648 5184 705 5225 stuc
729 5170 851 5225 ordinem
869 5168 956 5233 culum

164 5256 291 5313 llebbitor
304 5260 491 5317 conletatur.
515 5263 598 5332 Ctrjtts
613 5278 674 5319 rttm
699 5262 850 5317 virbeatus
871 5258 958 5328 preni-

167 5352 287 5406 tudinem
302 5353 423 5422 vidisset,
448 5369 600 5413 comnotus
624 5357 732 5426 spiritu,
755 5355 849 5410 dolere
864 5354 957 5423 coepit.

167 5442 219 5494 Sed
234 5459 294 5498 cum
308 5456 418 5501 sauctus
435 5448 573 5503 llatrrilius
586 5447 756 5502 ruunubriom
773 5446 906 5516 tetigisset
916 5459 960 5500 se·

168 5533 252 5601 curis,
268 5535 339 5592 illico
354 5538 451 5594 ltxctis
466 5544 558 5595 uersis
578 5550 606 5596 et
620 5539 720 5595 erectis
742 5536 843 5607 digitis,
870 5534 959 5590 omui·

1006 4732 1083 4774 muru
1098 4720 1228 4783 uenisset,
1251 4729 1289 4787 et,
1313 4733 1380 4787 psce
1401 4720 1472 4772 inter
1500 4715 1639 4771 discordes
1662 4712 1808 4777 restituta,

1007 4809 1111 4877 regredi
1125 4810 1265 4877 coepisset,
1281 4818 1425 4876 extremum
1439 4807 1472 4860 etl
1493 4814 1601 4874 pontem
1615 4804 1716 4872 berig-,e
1738 4818 1811 4871 per-

1008 4901 1135 4966 venisset,
1152 4901 1246 4954 iucoloe
1261 4900 1312 4954 loci
1329 4900 1411 4965 illius,
1430 4909 1459 4952 m
1485 4894 1720 4952 bettetlictlonilms
1736 4908 1810 4961 pm·

1006 4992 1073 5047 solis
1095 4992 1196 5046 lirrnttri
1220 5002 1400 5055 insererentur,
1424 4990 1484 5057 ejts
1507 4988 1651 5043 sdretttttm
1672 4984 1809 5041 devotus

1009 5081 1248 5152 prestolabantur.
1262 5082 1335 5137 luter
1347 5096 1417 5151 ortos
1432 5090 1559 5150 putentes
1573 5075 1717 5146 crtjuxdttn
1728 5072 1811 5145 pueri

1009 5172 1094 5227 lltiuxn
1109 5188 1186 5228 snum
1205 5174 1287 5228 niuniu
1304 5172 1461 5227 infirmitate
1475 5184 1508 5224 ex
1539 5179 1661 5234 tempore
1681 5162 1809 5221 belamin

1009 5273 1159 5332 gruuztlnrn,
1177 5280 1257 5319 secus
1269 5265 1338 5318 rictu
1356 5278 1403 5334 per
1417 5278 1497 5333 cunm
1521 5260 1662 5315 transitum
1681 5254 1811 5327 epiceopi

1011 5357 1069 5409 lore
1083 5366 1277 5425 cognorerunt,
1305 5364 1463 5425 posuerunt,
1485 5352 1608 5407 dieentes
1622 5368 1630 5404 ε
1644 5348 1762 5414 Poterit,
1782 5344 1809 5401 si

1013 5447 1142 5512 voluerit,
1157 5449 1243 5501 ttotlri
1254 5446 1375 5502 infantuli
1388 5446 1512 5499 obtinere
1524 5441 1650 5505 sulutem,
1664 5438 1712 5507 qui
1733 5450 1811 5493 mor·

1011 5545 1058 5591 ttro
1074 5550 1157 5604 puero
1170 5539 1254 5591 ritum
1269 5535 1385 5592 obtinuit
1395 5536 1475 5591 clitro
1492 5529 1731 5605 postsepttlcrum.
1743 5528 1809 5583 lirut

202 5672 478 5734 ¹cenomnnicn,ttrln
491 5671 584 5728 dnllicc¹
604 5671 748 5744 peruutplt,
770 5677 798 5727 ct
829 5668 972 5741 pmrinclc
990 5670 1157 5740 eoguotniuis
1182 5679 1270 5742 caput.
1285 5671 1341 5730 Sita
1354 5678 1396 5727 est
1414 5669 1447 5725 ιιι
1470 5668 1576 5725 suctum
1611 5665 1735 5733 luriunt,
1761 5662 1809 5721 cbl

167 5743 263 5814 recipit
277 5741 411 5797 llulnutn.
427 5742 561 5799 Boxxsxo.
