3810 6128
128 267 200 327 llll
511 282 645 342 scunt.
662 279 705 336 ιιι
727 277 772 336 cu
794 276 850 335 vnn
872 267 1141 333 cucuusnsnca
1162 264 1386 323 nonuucnun.
1688 261 1758 317 noo

132 405 202 460 tibus
217 403 277 459 looo
291 400 446 458 condonare
460 395 596 452 deberem.
608 391 685 459 Quod
698 397 726 448 el
740 391 776 446 ita
788 390 916 461 perhanc
931 388 956 450 Α
969 382 1036 456 tyris
1059 381 1111 436 sub
1133 379 1233 450 oppido
1257 376 1370 432 birione
1390 381 1557 440 consilum,
1577 387 1632 443 quo
1646 383 1757 443 wolto-

130 495 261 551 merulam
275 489 429 549 donationis
443 502 458 543 a
480 485 524 542 die
538 484 662 554 presenti
684 483 757 537 dono
771 481 919 536 donatum·
971 476 1040 533 licus
1053 475 1094 530 vir
1110 473 1251 528 Assoricns
1264 480 1337 526 tenet
1350 470 1488 541 regimcn:
1505 481 1556 538 ego
1577 467 1756 533 Enuenoara,

132 593 186 646 qne
207 578 233 631 iu
248 583 407 648 perpetuum
420 585 480 629 esse
494 569 623 634 decerno,
638 567 690 622 hoc
712 575 754 622 est
767 565 920 636 portionem
970 565 1027 622 ilco
1044 573 1161 630 sacrata,
1180 563 1340 633 promimur
1361 575 1428 615 mete
1452 559 1583 626 remedio,
1605 558 1684 615 trado
1702 560 1758 628 iam

133 682 220 722 uncam
242 667 268 721 in
283 663 345 719 villa
359 677 419 733 quae
432 661 538 716 dicetur
553 658 700 724 Fontanus,
714 655 793 710 sitam
808 654 835 709 in
850 667 921 726 pago
969 651 1184 717 eleuchadium,
1200 651 1244 707 rel
1254 649 1393 706 monacbis
1406 657 1435 704 et
1447 647 1638 704 matriculariis
1648 650 1694 718 qai
1709 650 1759 703 ibi·

132 753 323 814 Tomodrinse,
348 749 479 821 quidquid
501 746 568 804 mibi
582 754 636 802 um
659 745 695 801 de
709 752 823 815 paterno
837 758 919 811 quam
971 746 1033 804 dem
1047 743 1202 801 conuersari
1215 750 1372 808 noscuntur,
1387 741 1430 797 uel
1443 754 1552 811 quoquo
1565 751 1689 811 tempore
1702 741 1759 796 loe·

132 856 161 904 el
170 847 204 903 de
213 854 336 900 rnraterno
346 842 456 914 prodiit,
468 855 520 895 una
533 854 594 895 rem
604 837 806 907 adjacentiaset
818 850 921 906 apprn·
969 836 1033 899 rint,
1048 832 1176 906 quicquid
1192 833 1219 887 in
1233 832 1295 887 villa
1316 830 1448 896 liuiliaco,
1471 844 1531 899 qnae
1546 829 1573 884 in
1587 843 1658 898 pago
1672 829 1758 884 Διοι-

132 938 216 994 dicias
232 938 266 992 ad
281 936 354 1006 ipsas
368 935 504 990 Fontanus
519 931 700 1002 pertinentes;
714 937 801 985 acuet
813 929 920 999 inpagu
969 929 1073 984 riorum
1088 935 1140 994 est,
1154 926 1197 982 uel
1210 927 1238 981 in
1258 925 1315 996 ipsa
1338 926 1399 987 llne,
1416 923 1473 978 risa
1493 937 1554 977 sum
1576 922 1687 986 habere,
1704 931 1758 975 tam

132 1027 292 1090 ladscense,
309 1025 448 1089 Pauliaco,
462 1031 489 1078 et
511 1021 641 1090 bagnolo,
656 1029 686 1077 et
703 1020 806 1090 reliqua
822 1019 918 1075 locella
970 1017 1005 1074 de
1017 1017 1099 1074 alodo
1112 1031 1193 1087 quam
1206 1015 1241 1070 de
1254 1021 1412 1084 comparato
1425 1011 1467 1066 uel
1487 1010 1643 1080 adquisito:
1666 1010 1692 1066 id
1706 1020 1757 1079 eat,

131 1131 192 1188 qnae
217 1116 250 1172 ad
272 1116 357 1186 ipsam
375 1114 465 1168 sillam
490 1111 626 1167 Fontanus
648 1111 769 1181 aspicere
783 1109 917 1175 videntur,
972 1107 1089 1171 casales,
1104 1120 1166 1162 cum
1185 1103 1307 1160 aediliciis
1319 1104 1435 1172 desuper
1448 1100 1555 1172 positis,
1571 1100 1669 1166 vincis,
1683 1115 1757 1156 cam·

133 1215 188 1262 tam
203 1207 292 1272 terris,
307 1205 443 1269 domibus,
458 1202 588 1268 aediliciis,
601 1201 747 1266 libertates,
760 1213 843 1269 opera
856 1213 919 1255 aco·
969 1198 1023 1268 pis,
1039 1196 1135 1268 pratis,
1149 1195 1236 1264 silvis,
1252 1194 1328 1264 aquia
1340 1205 1526 1262 aquarumque
1535 1189 1707 1259 decursibus,
1716 1193 1757 1246 rel

132 1297 265 1361 lanornm,
280 1296 377 1359 niueis,
390 1294 474 1361 silvio,
488 1293 603 1364 campis,
622 1291 715 1362 pratis,
729 1291 847 1361 pascuis,
859 1291 919 1346 cul·
968 1287 1098 1358 quicquid
1114 1285 1168 1343 dici
1181 1295 1229 1341 aut
1243 1286 1378 1340 nominari
1392 1291 1494 1354 potest,
1509 1282 1601 1341 omnia
1615 1293 1645 1339 et
1654 1297 1687 1338 er
1701 1299 1758 1340 om-

135 1391 171 1446 tis
184 1399 213 1444 et
226 1389 345 1453 incultis,
361 1385 438 1456 aquis
450 1398 615 1455 aquarumve
626 1383 785 1438 decursibus
798 1382 919 1439 omnium
970 1377 1060 1443 nibus,
1076 1376 1110 1431 ad
1132 1376 1342 1446 suprascriptam
1363 1372 1501 1427 basilicam
1524 1370 1619 1426 domui
1636 1371 1759 1444 benigni,

134 1481 288 1550 presidium
301 1487 329 1534 cl
343 1492 425 1544 omno
438 1490 523 1546 genus
536 1473 671 1545 peculium
683 1473 918 1544 untusqnegeuc·
969 1468 1013 1524 uel
1034 1469 1119 1539 ipsius
1137 1466 1279 1523 monacbis
1300 1473 1329 1521 et
1349 1463 1551 1528 matriculariis,
1568 1462 1642 1518 uude
1661 1464 1688 1518 in
1705 1464 1759 1534 iarn

133 1575 171 1628 ris
184 1586 265 1628 ιιιιιι
276 1570 348 1641 quud
359 1570 412 1625 dici
423 1578 470 1624 aut
482 1567 615 1624 nominari
626 1575 727 1637 potest,
738 1581 787 1622 seu
801 1575 830 1623 et
843 1568 920 1622 inan-
969 1559 1041 1616 dieta
1052 1573 1135 1631 penes
1145 1557 1161 1598 l
1172 1573 1231 1614 mea
1242 1556 1357 1628 epistola
1372 1556 1519 1628 plenissimi
1532 1555 1689 1611 voluntario
1698 1566 1759 1613 roto

133 1673 177 1719 tea
199 1676 300 1732 augere
315 1661 357 1716 rel
371 1660 517 1715 meliorare
532 1667 656 1728 potuero,
672 1658 732 1728 ipsu
752 1659 920 1715 monasterio
970 1649 1102 1720 delegari,
1122 1650 1194 1704 adio
1207 1646 1326 1720 presenti
1341 1646 1369 1701 in
1389 1659 1484 1701 eorum
1497 1643 1670 1700 revocandas
1682 1647 1760 1700 meri·

132 1754 258 1825 perennis
273 1751 440 1822 temporibus
463 1749 561 1805 ibidem
574 1747 698 1819 proiciat
716 1747 744 1804 in
758 1750 918 1819 augmentis.
937 1738 1040 1800 litum.
1056 1740 1085 1796 Si
1099 1741 1160 1812 quis
1175 1747 1265 1795 autera
1281 1737 1315 1794 de
1330 1738 1389 1809 ipsa
1403 1736 1513 1793 basilica
1528 1737 1622 1792 domni
1639 1735 1758 1806 Benigni,

131 1842 233 1911 Siquis
250 1854 326 1907 nero,
340 1849 388 1894 aut
403 1851 454 1907 ego
467 1838 537 1907 ipsa,
555 1843 602 1890 ant
620 1835 704 1906 aliqui
725 1850 758 1893 ex
775 1837 920 1893 heredibus
973 1832 1016 1886 tel
1027 1830 1062 1887 de
1076 1831 1141 1902 ipsis
1151 1828 1329 1887 monacbiset
1340 1827 1542 1896 matriculariis,
1553 1826 1638 1883 baeca
1653 1843 1697 1883 me
1708 1828 1761 1884 col·

130 1932 210 2000 meis,
230 1941 278 1987 aut
290 1930 407 2000 qualiter
421 1928 475 1983 ulla
491 1927 617 1997 obposita
640 1940 769 1997 persona,
791 1927 922 1983 adversus
971 1920 1027 1977 lata
1042 1921 1069 1977 in
1085 1921 1210 1992 proprios
1224 1935 1288 1976 usus
1298 1926 1458 1991 retorquere
1472 1920 1601 1990 gestiens,
1615 1934 1701 1989 snper
1715 1920 1761 1976 bac

131 2027 291 2090 presentem
304 2019 487 2082 donationem,
500 2029 582 2086 quam
595 2027 646 2084 ego
660 2013 815 2086 plenissima
827 2016 921 2072 volun·
970 2023 1002 2068 re
1018 2011 1217 2083 lingonensem
1232 2013 1378 2068 observare
1392 2012 1510 2068 noluerit
1530 2012 1703 2083 pontificem,
1717 2029 1761 2068 eo·

131 2119 187 2166 tato
210 2122 270 2164 mea
287 2107 345 2163 lieri
364 2114 392 2164 et
413 2107 522 2161 firlllill'e
543 2105 649 2174 rogavi,
668 2105 790 2175 quolibet
813 2105 921 2174 iugenio
972 2111 1053 2159 natus
1075 2103 1135 2172 eius
1154 2101 1281 2159 edoctum
1301 2118 1355 2159 non
1379 2104 1489 2160 babeat.
1506 2103 1584 2171 buce
1603 2105 1629 2161 si
1651 2105 1761 2161 iecerint

131 2204 221 2261 venire
244 2211 291 2256 aut
312 2201 458 2271 infringere
483 2207 600 2254 conatus
627 2198 719 2263 luerl,
744 2197 868 2268 inprimis
891 2197 919 2253 in
972 2193 1036 2259 boc,
1051 2194 1124 2264 quod
1138 2195 1219 2262 absit,
1236 2197 1302 2265 lpse
1320 2210 1364 2251 res
1376 2195 1410 2252 ad
1424 2211 1500 2252 meos
1512 2196 1627 2252 licenter
1641 2212 1691 2267 per
1703 2213 1761 2253 om·

131 2296 198 2351 iram
211 2303 319 2351 emron
333 2292 472 2348 'l'rinitatis
484 2291 618 2356 incurrat,
631 2297 659 2345 et
671 2304 688 2343 a
701 2288 837 2345 liminibus
854 2304 919 2370 sarr·
972 2285 1018 2340 nia
1038 2293 1210 2341 revertantur
1223 2286 1360 2354 heredes,
1379 2295 1407 2343 el
1421 2288 1454 2343 ad
1468 2287 1570 2344 alteros
1584 2289 1712 2346 homines
1724 2290 1762 2345 his

129 2395 236 2442 clurttm
261 2385 305 2441 tel
325 2384 461 2440 bonorum
486 2381 624 2436 hominum
648 2379 862 2436 christianornm
876 2379 920 2435 rel
973 2377 1140 2446 numinibus,
1155 2376 1318 2435 Ermouario
1330 2386 1358 2435 el
1372 2377 1530 2436 Ermenrioo
1543 2388 1573 2435 el
1585 2379 1705 2436 infantes
1716 2395 1761 2437 eo·

131 2479 216 2551 ipsius
228 2479 312 2532 sancti
329 2474 383 2530 loci
395 2481 541 2529 extraneus
551 2470 801 2527 excommunicatus
813 2485 921 2541 perma-
972 2484 1050 2535 rum;
1073 2470 1155 2525 eliam
1179 2469 1224 2526 his
1245 2471 1409 2536 nominibus,
1431 2470 1592 2527 blideranno
1606 2480 1635 2526 et
1651 2471 1760 2527 Ermen·

129 2576 209 2633 neam
223 2575 252 2623 et
274 2567 386 2636 insuper
401 2562 498 2620 inierat
512 2562 635 2634 partibus
648 2561 733 2632 ipsius
747 2561 918 2628 monasterii,
972 2555 1053 2613 baldo
1076 2558 1122 2628 qni
1145 2572 1194 2628 per
1218 2558 1361 2629 epistolam
1384 2573 1515 2630 germano
1534 2575 1599 2616 meo
1623 2559 1761 2616 boboleno

131 2674 185 2716 nrm
197 2673 259 2715 cem
273 2657 350 2726 isco,
363 2656 422 2711 auri
434 2656 517 2711 libras
526 2654 605 2720 duat,
621 2654 726 2723 arpenti
740 2653 830 2724 pondo
840 2654 921 2724 quin·
971 2651 1107 2724 qnondam
1122 2651 1232 2708 luerunt
1249 2651 1352 2709 dimissi
1368 2669 1375 2708 ι
1396 2653 1437 2710 sin
1452 2653 1531 2722 alias,
1544 2654 1618 2719 telo,
1632 2654 1705 2710 sicut
1717 2668 1761 2711 re·

68 2797 73 2806 .
131 2763 186 2819 que
199 2762 261 2804 esse
278 2745 456 2803 multandum.
472 2743 595 2802 Praesens
609 2746 709 2815 quippe
723 2743 834 2800 donatio
846 2744 922 2800 omni
974 2751 1048 2799 ctum
1061 2749 1113 2808 est,
1126 2741 1199 2799 etde
1211 2743 1408 2815 omnibusque
1420 2751 1517 2814 sponte
1531 2743 1594 2801 loeo
1606 2744 1760 2800 birionensi

132 2848 253 2910 tempore
267 2838 343 2894 drma
356 2837 513 2909 stabilisque
527 2847 637 2893 marreat
656 2836 826 2908 persistendo
839 2836 922 2908 stipu-
971 2832 1033 2890 dedi
1053 2833 1081 2889 in
1101 2832 1214 2890 liuliaco
1231 2832 1289 2904 iam
1309 2832 1381 2890 dicta
1403 2829 1477 2900 rilla,
1497 2833 1541 2890 rei
1560 2835 1706 2890 occasione
1719 2834 1761 2889 vel

94 2973 98 2982 .
132 2927 233 2984 latione
247 2928 379 2983 subnexa.
973 2924 1097 2981 tuitionis
1109 2925 1261 2994 patrocinio
1272 2924 1314 2981 uel
1328 2923 1471 2994 obsequio
1483 2923 1559 2994 Juxta
1575 2927 1650 2996 quod
1668 2939 1763 2980 eornm

174 3019 269 3076 delum
279 3016 409 3074 Senones.
423 3016 535 3086 ingoara
550 3015 725 3073 donationem
744 3016 815 3074 bane
837 3032 854 3072 a
876 3031 920 3074 tue
934 3036 957 3100 ρ
972 3016 1087 3087 epistola
1108 3016 1237 3086 loquitur,
1263 3030 1279 3070 a
1299 3015 1344 3072 die
1359 3016 1477 3087 presenti
1490 3015 1525 3072 de
1540 3017 1606 3087 ipsis
1618 3016 1700 3072 rebus
1709 3017 1761 3087 jorn

133 3109 232 3166 iactam
261 3106 446 3164 solatia-ln
470 3106 519 3163 bei
543 3107 652 3163 nomino
681 3105 770 3172 iibbo,
793 3114 921 3177 peccator
971 3105 1036 3161 dicti
1051 3105 1167 3162 ministri
1190 3104 1285 3162 Sancti
1308 3106 1431 3175 benigni,
1449 3106 1561 3163 liberam
1580 3106 1698 3163 habeant
1713 3123 1762 3178 po·

132 3196 921 3271 cpiscopua,subscripsi.-Gaudogengnsarchidlacunua
971 3201 1097 3250 testatem
1119 3193 1246 3264 quiequid
1265 3193 1358 3251 lacere
1377 3195 1523 3251 coluerint.
1539 3193 1569 3250 st
1592 3210 1670 3261 vero,
1691 3197 1764 3267 quod

131 3287 326 3345 sub-Filex
341 3287 437 3344 lector.
448 3318 483 3335 -
495 3286 744 3343 leodechinus·
755 3286 835 3352 iloso,
852 3287 921 3343 indi-
971 3285 1090 3340 lbluram
1106 3299 1166 3341 esse
1190 3299 1244 3340 aon
1266 3285 1360 3354 credo,
1384 3287 1409 3341 si
1428 3299 1479 3356 ego
1492 3287 1575 3342 ctiam
1597 3286 1700 3357 aliquid
1714 3303 1763 3343 ro·

131 3396 200 3451 gnus
214 3388 340 3451 peccator
353 3381 433 3436 abba.
446 3408 481 3422 -
493 3378 653 3451 hustrapins
667 3380 762 3436 lector.
775 3411 811 3423 -
824 3378 921 3436 beola-
971 3373 1048 3431 luero
1061 3374 1184 3444 demere,
1208 3374 1250 3431 cel
1272 3376 1401 3446 quelibet
1421 3377 1548 3447 opposita
1565 3390 1695 3446 mnatre.
1716 3376 1763 3446 qul

132 3474 187 3528 rius
215 3479 341 3541 peccator
362 3471 442 3526 abba.
458 3501 493 3514 -
507 3470 672 3540 hgobaldus.
687 3470 919 3527 -Ermenaldas
971 3466 1152 3523 contrahere
1171 3464 1315 3537 epistolam
1336 3465 1493 3522 donationis
1517 3466 1612 3522 venire
1633 3467 1764 3534 voluerit,

131 3565 234 3636 -ilgo
256 3564 465 3628 Ernrbubertus,
485 3573 600 3634 rogante
622 3564 678 3621 ileu
691 3572 804 3620 sacrate
823 3563 921 3632 ingoa-
971 3559 1014 3615 tel
1027 3557 1173 3627 quicquam
1192 3571 1273 3626 agere
1295 3559 1478 3630 temptarem,
1499 3559 1598 3614 inierat
1619 3559 1654 3615 ad
1676 3560 1761 3630 ipsam

131 3674 212 3720 rante,
227 3657 298 3714 bane
309 3656 484 3713 donationem
498 3654 594 3727 scripsi
605 3665 634 3711 et
644 3654 795 3726 pernotavi.
810 3652 866 3710 Sub
877 3654 922 3710 die
971 3649 1110 3706 basilicam
1120 3650 1213 3707 domni
1227 3648 1337 3720 Benigni
1352 3659 1433 3722 atque
1446 3651 1502 3706 suis
1516 3651 1665 3717 actoribus,
1679 3651 1762 3722 duplo

132 3764 168 3804 nn
185 3747 244 3804 lial.
266 3746 397 3803 llotemb.
417 3760 489 3801 anno
504 3746 591 3818 primo
611 3744 687 3816 regni
708 3742 811 3801 domini
836 3743 922 3802 nostri
971 3747 1229 3810 tautumqaantnm
1244 3740 1366 3811 ipsam
1377 3742 1524 3797 mdioralre
1533 3742 1682 3810 valuerint,
1697 3742 1764 3799 mco

131 3838 274 3909 bagolrerti
290 3839 370 3908 regis.
971 3838 1061 3888 aulem
1072 3832 1184 3903 publicae
1198 3833 1249 3898 rei,
1264 3834 1322 3889 auri
1337 3833 1432 3889 libram
1447 3848 1545 3902 unam;
1559 3843 1589 3891 et
1608 3834 1762 3892 nichilomi-

507 3945 549 4002 Η.
971 3935 1023 3978 nus
1041 3923 1350 3994 presensbecrpistola
1371 3922 1523 3980 donationis
1543 3926 1618 3981 omni
1638 3936 1764 3999 ternpore

132 4035 287 4106 Cirortoquo
298 4034 470 4102 ermenoara,
486 4036 541 4093 beo
551 4046 664 4106 mereto,
674 4038 753 4095 dunel
762 4040 921 4095 monasterio
973 4013 1049 4069 Μ’
1061 4022 1090 4071 ⁰²
1104 4014 1233 4070 imm
1245 4023 1416 4086 imum·
1427 4015 1604 4087 ’‘limum'‘
1617 4018 1744 4074 ΜΨ·

168 4107 200 4162 S.
224 4106 334 4179 benigni
359 4107 522 4164 Ditioseusir
542 4108 667 4181 qnidqrnd
695 4108 771 4165 halet
804 4111 832 4166 io
857 4110 922 4166 oilla
1007 4104 1104 4163 Actum
1119 4104 1241 4173 lichen,
1251 4107 1368 4176 publice.
1380 4105 1492 4175 Signum
1504 4106 1692 4174 Ermenoarae,
1707 4108 1760 4165 beo

169 4176 291 4250 ΜΝ
303 4187 315 4213 ⁴
329 4179 404 4250 (⁰⁸¹⁶-
420 4179 498 4249 lle).
972 4195 1079 4265 dicate,
1092 4211 1152 4266 qne
1165 4197 1236 4253 hanc
1250 4197 1391 4268 epistolam
1405 4197 1559 4255 donationis
1574 4199 1633 4256 deri
1644 4200 1760 4271 rogerie

168 4283 284 4343 Domino
300 4295 479 4343 sacrosancto
491 4285 608 4343 basilice
620 4284 713 4360 Sancti
725 4285 835 4356 Benigni
846 4301 923 4342 mar·
971 4317 1008 4337 -
1017 4284 1128 4357 Signum
1144 4285 1302 4358 Farlagonis
1314 4288 1424 4360 nepotis
1437 4288 1532 4360 ipsius,
1548 4289 1597 4360 qui
1617 4293 1760 4348 consentit.

171 4477 285 4578 ⁸Edidit
299 4477 450 4562 herardus,
473 4477 596 4533 lnstrnm.
612 4478 646 4533 ad
668 4478 731 4534 bist
750 4477 916 4560 burgundie,
969 4482 1023 4539 assi
1078 4487 1176 4562 tanno
1191 4478 1257 4545 tte,
1272 4487 1301 4534 et
1320 4495 1371 4551 pro
1390 4479 1561 4538 ¹iiteoderico
1575 4480 1761 4564 Tbeobaldem

153 4549 243 4619 agii,
259 4554 392 4630 cointius,
405 4546 502 4601 Annal.
518 4557 537 4631 t.
553 4546 598 4629 ill,
614 4561 675 4616 pag.
690 4546 871 4610 bilhrecndtt
883 4564 919 4605 ex
969 4552 1028 4610 inc
1048 4558 1108 4606 arta
1151 4550 1198 4605 bet
1213 4565 1243 4606 re
1264 4564 1357 4616 onere,
1373 4559 1403 4607 nl
1416 4550 1538 4606 ebarlam
1552 4567 1616 4608 cnm
1631 4557 1761 4609 chronico

148 4619 263 4676 ‘erardo
271 4616 424 4673 chronicon
432 4617 461 4672 S.
471 4618 591 4686 llcuugnr,
600 4618 627 4673 in
635 4617 854 4702 Spicihllacbqr.
864 4627 884 4673 t.
895 4617 918 4684 1,
969 4620 1106 4679 conciliet
1141 4634 1218 4674 erum
1233 4634 1247 4673 a
1260 4618 1305 4674 iud
1319 4627 1445 4691 superest
1463 4621 1490 4676 in
1511 4621 1693 4692 ebertaquod
1714 4622 1761 4677 ali·

134 4687 273 4812 mrabbd:
285 4686 550 4812 ιὶεῖιιιιιὲιιιτίιιῖιὲὴιὲιι
565 4687 694 4742 collatum
706 4686 848 4772 busterbn
862 4702 920 4744 ute·
969 4691 1034 4819 &nto
1050 4689 1151 4773 negotii
1166 4688 1286 4786 lacessit.
1300 4688 1339 4744 lbi
1352 4690 1424 4744 enim
1439 4688 1645 4748 Assorieusdiei
1657 4691 1763 4773 ridetur

137 4799 289 4888 omnus.
313 4835 341 4881 n
362 4766 920 4910 nnnnlthhht‘tlhlhlhlili
970 4758 1265 4902 „linllltdllih
1282 4760 1761 4894 ibtdtlhltlttliltl

137 4905 209 4964 tuns,
226 4904 254 4950 et
265 4895 379 4951 Carolus
399 4903 528 4951 suecessit
546 4912 572 4952 ιιι
595 4896 682 4953 locum
697 4895 843 4965 pannem
858 4907 921 4952 tem·
972 4898 1136 4984 lingonensi
1160 4897 1287 4955 Ecclesiae
1310 4908 1443 4968 preerat,
1468 4907 1499 4954 ut
1522 4907 1642 4957 testatur
1666 4899 1761 4956 Srnctl

146 4978 203 5023 ture
217 4964 354 5022 hstoricns
367 4965 511 5034 episcopus
529 4974 588 5021 erat
606 4964 765 5092 linsguoumf
786 4975 815 5022 et
836 4967 922 5024 hoho
971 4968 1083 5039 bonnm
1097 4967 1255 5026 chronicon.
1282 4965 1387 5036 lleponi
1411 4977 1503 5038 polest
1523 4969 1695 5037 basorieum,
1715 4970 1761 5037 qui

148 5047 215 5118 enus
236 5035 346 5103 regebat
359 5035 411 5090 hoc
424 5036 615 5118 monasterium
631 5037 641 5109 i
666 5074 674 5090 .
696 5035 748 5092 lien
760 5039 827 5120 qni).
845 5036 922 5119 Turre
971 5040 1016 5097 bic
1035 5037 1186 5110 appellatur
1201 5036 1240 5091 cir
1252 5037 1422 5106 apostolieae,
1443 5038 1588 5095 manifeste
1602 5041 1756 5110 episcopatu

135 5103 213 5188 dedo
227 5103 405 5188 Ermenoara,
418 5102 531 5159 Domino
545 5113 659 5170 sacrata,
672 5104 701 5161 S.
715 5104 835 5176 Benigno
845 5121 921 5178 qntc-
971 5109 1074 5174 loiron
1087 5115 1116 5163 et
1127 5122 1189 5163 cum
1209 5106 1282 5162 idern
1295 5107 1393 5162 dicitnr
1406 5107 1433 5161 in
1446 5109 1548 5178 oppido
1562 5107 1679 5167 {livione
1690 5112 1761 5178 regi·

136 5170 921 5314 ninlutumcentenum
972 5195 1034 5302 m

135 5260 169 5370 g
177 5315 259 5370 eleclo
278 5312 378 5370 liorolo
392 5313 604 5385 majore-domur,
626 5311 699 5369 unde
715 5263 860 5396 Peraredous,
875 5263 921 5370 iffi}
971 5254 1198 5390 {idimfl'ssrionri'sm:¹
1217 5258 1396 5371 casq'rgime'nim
1421 5262 1621 5373 binimaina!
1667 5263 1761 5374 nim

136 5381 922 5524 tlh.l‘tihl‘iltlillthiithlllllit
971 5387 1037 5512 ‘ill
1056 5383 1337 5510 limittit*
1351 5385 1505 5508 ,equulus
1521 5395 1761 5512 tumlti:

137 5518 255 5575 decessit
268 5495 507 5607 Theodericusl’l,
523 5523 675 5606 etCarolus
689 5469 921 5605 major-domnulo
971 5471 1160 5599 {uffopunc
1175 5465 1710 5594 cu³1n¹ffnan⁸g⁵rpsst⁰o⁷ssbgiuninitian.
1752 5494 1759 5509 ι

137 5585 266 5668 sudcctus
288 5601 339 5655 est,
365 5602 416 5649 etsr
441 5594 545 5648 ntulnm
569 5607 639 5664 regns
663 5609 717 5650 non
741 5602 919 5666 usurparent.
1007 5594 1090 5651 liloc
1103 5598 1162 5651 loco
1177 5609 1272 5651 rocem
1286 5609 1366 5664 pena
1377 5596 1508 5665 expungit
1527 5593 1665 5663 Colatiru,
1699 5594 1758 5651 roasi

138 5655 261 5712 colonos
284 5663 316 5715 ad
338 5661 418 5719 lldcm
431 5663 551 5720 chronici
568 5662 780 5735 Sanbeuigniani
797 5665 918 5722 chortam
971 5666 1141 5737 corruptam,
1160 5673 1188 5722 et
1207 5662 1267 5738 eiua
1286 5663 1423 5723 delectum
1436 5667 1528 5736 specio
1542 5680 1630 5724 uacuo
1649 5668 1677 5724 in
1698 5668 1704 5679 ‘
