<?xml version="1.0" encoding="UTF-8"?>
<!DOCTYPE html PUBLIC "-//W3C//DTD XHTML 1.0 Transitional//EN"
    "http://www.w3.org/TR/xhtml1/DTD/xhtml1-transitional.dtd">
<html xmlns="http://www.w3.org/1999/xhtml" xml:lang="en" lang="en">
 <head>
  <title>
</title>
<meta http-equiv="Content-Type" content="text/html;charset=utf-8" />
  <meta name='ocr-system' content='tesseract 3.04.00' />
  <meta name='ocr-capabilities' content='ocr_page ocr_carea ocr_par ocr_line ocrx_word'/>
</head>
<body>
  <div class='ocr_page' id='page_1' title='image "./patrologiaecurs26unkngoog/patrologiaecurs26unkngoog_0198.png"; bbox 0 0 3810 6128; ppageno 0'>
   <div class='ocr_carea' id='block_1_1' title="bbox 131 269 1751 348">
    <p class='ocr_par' dir='ltr' id='par_1_1' title="bbox 131 269 1751 348">
     <span class='ocr_line' id='line_1_1' title="bbox 131 269 1751 348; baseline -0.015 1"><span class='ocrx_word' id='word_1_1' title='bbox 131 289 180 348; x_wconf 68' lang='lat' dir='ltr'>ati</span> <span class='ocrx_word' id='word_1_2' title='bbox 622 281 667 336; x_wconf 78' lang='lat' dir='ltr'>DE</span> <span class='ocrx_word' id='word_1_3' title='bbox 688 281 769 336; x_wconf 75' lang='lat' dir='ltr'>ViTA</span> <span class='ocrx_word' id='word_1_4' title='bbox 789 279 915 337; x_wconf 72' lang='lat' dir='ltr'>SANCTi</span> <span class='ocrx_word' id='word_1_5' title='bbox 933 279 1088 336; x_wconf 72' lang='lat' dir='ltr'>lituum,</span> <span class='ocrx_word' id='word_1_6' title='bbox 1110 269 1145 321; x_wconf 52' lang='grc'>’-</span> <span class='ocrx_word' id='word_1_7' title='bbox 1165 279 1228 336; x_wconf 83' lang='lat' dir='ltr'>till.</span> <span class='ocrx_word' id='word_1_8' title='bbox 1251 280 1282 335; x_wconf 91' lang='grc' dir='ltr'>ΙΙ.</span> <span class='ocrx_word' id='word_1_9' title='bbox 1699 279 1751 337; x_wconf 68' lang='lat'>580</span> 
     </span>
    </p>
   </div>
   <div class='ocr_carea' id='block_1_2' title="bbox 138 391 1800 4579">
    <p class='ocr_par' dir='ltr' id='par_1_2' title="bbox 201 391 1800 830">
     <span class='ocr_line' id='line_1_2' title="bbox 237 391 1714 467; baseline -0.004 -12"><span class='ocrx_word' id='word_1_10' title='bbox 237 401 303 456; x_wconf 88' lang='lat' dir='ltr'>ilinc</span> <span class='ocrx_word' id='word_1_11' title='bbox 317 398 423 463; x_wconf 80' lang='lat' dir='ltr'>Clarus,</span> <span class='ocrx_word' id='word_1_12' title='bbox 447 395 565 467; x_wconf 89' lang='lat' dir='ltr'>placidus</span> <span class='ocrx_word' id='word_1_13' title='bbox 579 395 737 450; x_wconf 90' lang='lat' dir='ltr'>adulescens</span> <span class='ocrx_word' id='word_1_14' title='bbox 752 396 880 458; x_wconf 84' lang='lat' dir='ltr'>moribus,</span> <span class='ocrx_word' id='word_1_15' title='bbox 933 391 1024 456; x_wconf 63' lang='lat' dir='ltr'>Aioi]</span> <span class='ocrx_word' id='word_1_16' title='bbox 1042 394 1097 450; x_wconf 85' lang='lat' dir='ltr'>Nec</span> <span class='ocrx_word' id='word_1_17' title='bbox 1110 403 1232 450; x_wconf 84' lang='lat' dir='ltr'>contacta</span> <span class='ocrx_word' id='word_1_18' title='bbox 1246 410 1325 448; x_wconf 85' lang='lat' dir='ltr'>mam</span> <span class='ocrx_word' id='word_1_19' title='bbox 1345 393 1461 448; x_wconf 79' lang='lat' dir='ltr'>discerni</span> <span class='ocrx_word' id='word_1_20' title='bbox 1485 394 1580 448; x_wconf 81' lang='lat' dir='ltr'>uellera</span> <span class='ocrx_word' id='word_1_21' title='bbox 1597 407 1714 463; x_wconf 87' lang='lat' dir='ltr'>possunt.</span> 
     </span>
     <span class='ocr_line' id='line_1_3' title="bbox 797 485 1741 558; baseline 0.003 -20"><span class='ocrx_word' id='word_1_22' title='bbox 797 485 915 558; x_wconf 64' lang='lat' dir='ltr'>[expers</span> <span class='ocrx_word' id='word_1_23' title='bbox 1042 487 1149 540; x_wconf 87' lang='lat' dir='ltr'>Ducitur</span> <span class='ocrx_word' id='word_1_24' title='bbox 1164 488 1264 540; x_wconf 89' lang='lat' dir='ltr'>interea</span> <span class='ocrx_word' id='word_1_25' title='bbox 1286 486 1424 540; x_wconf 88' lang='lat' dir='ltr'>rnonaehis</span> <span class='ocrx_word' id='word_1_26' title='bbox 1446 503 1497 541; x_wconf 83' lang='grc' dir='ltr'>ιιιιι</span> <span class='ocrx_word' id='word_1_27' title='bbox 1511 488 1621 557; x_wconf 82' lang='lat' dir='ltr'>pervigii</span> <span class='ocrx_word' id='word_1_28' title='bbox 1636 489 1741 558; x_wconf 80' lang='lat' dir='ltr'>hymnis</span> 
     </span>
     <span class='ocr_line' id='line_1_4' title="bbox 201 575 1800 646; baseline -0.002 -11"><span class='ocrx_word' id='word_1_29' title='bbox 201 580 341 636; x_wconf 85' lang='lat' dir='ltr'>iiartiuum</span> <span class='ocrx_word' id='word_1_30' title='bbox 366 576 530 646; x_wconf 84' lang='lat' dir='ltr'>amplectens</span> <span class='ocrx_word' id='word_1_31' title='bbox 556 588 670 645; x_wconf 87' lang='lat' dir='ltr'>patrem,</span> <span class='ocrx_word' id='word_1_32' title='bbox 696 585 724 628; x_wconf 92' lang='lat' dir='ltr'>et</span> <span class='ocrx_word' id='word_1_33' title='bbox 751 589 798 627; x_wconf 91' lang='lat' dir='ltr'>sna</span> <span class='ocrx_word' id='word_1_34' title='bbox 822 583 916 627; x_wconf 87' lang='lat' dir='ltr'>cuncta</span> <span class='ocrx_word' id='word_1_35' title='bbox 1042 576 1076 629; x_wconf 86' lang='lat' dir='ltr'>Et</span> <span class='ocrx_word' id='word_1_36' title='bbox 1086 585 1225 640; x_wconf 66' lang='lat' dir='ltr'>cornaracta</span> <span class='ocrx_word' id='word_1_37' title='bbox 1240 575 1332 630; x_wconf 88' lang='lat' dir='ltr'>eboris</span> <span class='ocrx_word' id='word_1_38' title='bbox 1345 576 1469 632; x_wconf 82' lang='lat' dir='ltr'>Dauidica</span> <span class='ocrx_word' id='word_1_39' title='bbox 1480 592 1563 632; x_wconf 82' lang='lat' dir='ltr'>carina</span> <span class='ocrx_word' id='word_1_40' title='bbox 1580 580 1701 646; x_wconf 88' lang='lat' dir='ltr'>resultat,</span> <span class='ocrx_word' id='word_1_41' title='bbox 1797 609 1800 615; x_wconf 88' lang='lat'><em>·</em></span> 
     </span>
     <span class='ocr_line' id='line_1_5' title="bbox 741 665 1703 737; baseline 0.008 -18"><span class='ocrx_word' id='word_1_42' title='bbox 741 665 916 737; x_wconf 78' lang='lat' dir='ltr'>[relinquens.</span> <span class='ocrx_word' id='word_1_43' title='bbox 1043 667 1074 721; x_wconf 86' lang='lat' dir='ltr'>Ul</span> <span class='ocrx_word' id='word_1_44' title='bbox 1088 680 1178 721; x_wconf 85' lang='lat' dir='ltr'>coram</span> <span class='ocrx_word' id='word_1_45' title='bbox 1194 665 1362 721; x_wconf 76' lang='lat' dir='ltr'>Altitlrronns</span> <span class='ocrx_word' id='word_1_46' title='bbox 1377 668 1506 722; x_wconf 79' lang='lat' dir='ltr'>velamina</span> <span class='ocrx_word' id='word_1_47' title='bbox 1518 666 1576 723; x_wconf 84' lang='lat' dir='ltr'>¹visa</span> <span class='ocrx_word' id='word_1_48' title='bbox 1592 672 1703 727; x_wconf 81' lang='lat' dir='ltr'>revelet.</span> 
     </span>
     <span class='ocr_line' id='line_1_6' title="bbox 204 755 1700 830; baseline 0 -14"><span class='ocrx_word' id='word_1_49' title='bbox 204 763 336 830; x_wconf 76' lang='lat' dir='ltr'><strong>Tempore</strong></span> <span class='ocrx_word' id='word_1_50' title='bbox 348 759 448 830; x_wconf 80' lang='lat' dir='ltr'>quique</span> <span class='ocrx_word' id='word_1_51' title='bbox 461 757 534 812; x_wconf 83' lang='lat' dir='ltr'>brevi</span> <span class='ocrx_word' id='word_1_52' title='bbox 551 756 643 810; x_wconf 85' lang='lat' dir='ltr'>micuit</span> <span class='ocrx_word' id='word_1_53' title='bbox 656 755 753 810; x_wconf 83' lang='lat' dir='ltr'>virtute</span> <span class='ocrx_word' id='word_1_54' title='bbox 768 756 883 824; x_wconf 82' lang='lat' dir='ltr'>ildeque.</span> <span class='ocrx_word' id='word_1_55' title='bbox 1040 755 1098 810; x_wconf 83' lang='lat' dir='ltr'>iarn</span> <span class='ocrx_word' id='word_1_56' title='bbox 1114 757 1254 826; x_wconf 82' lang='lat' dir='ltr'>spumabat</span> <span class='ocrx_word' id='word_1_57' title='bbox 1267 757 1342 825; x_wconf 82' lang='lat' dir='ltr'>equis</span> <span class='ocrx_word' id='word_1_58' title='bbox 1357 774 1460 813; x_wconf 70' lang='lat' dir='ltr'>aurora}</span> <span class='ocrx_word' id='word_1_59' title='bbox 1474 761 1564 830; x_wconf 87' lang='lat' dir='ltr'>auriga</span> <span class='ocrx_word' id='word_1_60' title='bbox 1578 763 1700 827; x_wconf 88' lang='lat' dir='ltr'>rubores,</span> 
     </span>
    </p>

    <p class='ocr_par' dir='ltr' id='par_1_3' title="bbox 144 838 1753 922">
     <span class='ocr_line' id='line_1_7' title="bbox 144 838 1753 922; baseline 0.001 -15"><span class='ocrx_word' id='word_1_61' title='bbox 144 853 188 908; x_wconf 73' lang='lat'>225</span> <span class='ocrx_word' id='word_1_62' title='bbox 202 853 267 907; x_wconf 71' lang='lat' dir='ltr'>ilum</span> <span class='ocrx_word' id='word_1_63' title='bbox 282 866 365 922; x_wconf 90' lang='lat' dir='ltr'>prope</span> <span class='ocrx_word' id='word_1_64' title='bbox 390 850 543 918; x_wconf 87' lang='lat' dir='ltr'>pontilicem</span> <span class='ocrx_word' id='word_1_65' title='bbox 558 846 709 901; x_wconf 83' lang='lat' dir='ltr'>habitacula</span> <span class='ocrx_word' id='word_1_66' title='bbox 728 847 918 909; x_wconf 85' lang='lat' dir='ltr'>constituisset,</span> <span class='ocrx_word' id='word_1_67' title='bbox 969 843 1024 898; x_wconf 72' lang='lat'>265</span> <span class='ocrx_word' id='word_1_68' title='bbox 1042 845 1087 900; x_wconf 89' lang='lat' dir='ltr'>Sol</span> <span class='ocrx_word' id='word_1_69' title='bbox 1103 861 1208 915; x_wconf 83' lang='lat' dir='ltr'>quoque</span> <span class='ocrx_word' id='word_1_70' title='bbox 1236 846 1357 901; x_wconf 82' lang='lat' dir='ltr'>lucifluas</span> <span class='ocrx_word' id='word_1_71' title='bbox 1377 849 1602 907; x_wconf 81' lang='lat' dir='ltr'>circumflectebat</span> <span class='ocrx_word' id='word_1_72' title='bbox 1627 838 1753 922; x_wconf 78' lang='lat' dir='ltr'>lralrcnas,</span> 
     </span>
    </p>

    <p class='ocr_par' dir='ltr' id='par_1_4' title="bbox 138 932 1700 1015">
     <span class='ocr_line' id='line_1_8' title="bbox 138 932 1700 1015; baseline 0.001 -19"><span class='ocrx_word' id='word_1_73' title='bbox 138 1010 140 1015; x_wconf 68' lang='lat'>,</span> <span class='ocrx_word' id='word_1_74' title='bbox 203 944 238 997; x_wconf 79' lang='lat' dir='ltr'>ilc</span> <span class='ocrx_word' id='word_1_75' title='bbox 250 956 297 995; x_wconf 84' lang='lat' dir='ltr'>sua</span> <span class='ocrx_word' id='word_1_76' title='bbox 310 940 462 1008; x_wconf 75' lang='lat' dir='ltr'><strong>complures</strong></span> <span class='ocrx_word' id='word_1_77' title='bbox 477 944 598 1006; x_wconf 87' lang='lat' dir='ltr'>peterent</span> <span class='ocrx_word' id='word_1_78' title='bbox 612 936 747 989; x_wconf 85' lang='lat' dir='ltr'>consortia</span> <span class='ocrx_word' id='word_1_79' title='bbox 762 932 870 999; x_wconf 87' lang='lat' dir='ltr'>iratres,</span> <span class='ocrx_word' id='word_1_80' title='bbox 1042 939 1128 1006; x_wconf 77' lang='lat' dir='ltr'>Atque</span> <span class='ocrx_word' id='word_1_81' title='bbox 1143 948 1233 992; x_wconf 86' lang='lat' dir='ltr'>renata</span> <span class='ocrx_word' id='word_1_82' title='bbox 1248 940 1306 994; x_wconf 87' lang='lat' dir='ltr'>dies</span> <span class='ocrx_word' id='word_1_83' title='bbox 1321 941 1459 995; x_wconf 82' lang='lat' dir='ltr'>reuocabat</span> <span class='ocrx_word' id='word_1_84' title='bbox 1471 943 1497 996; x_wconf 93' lang='lat' dir='ltr'>in</span> <span class='ocrx_word' id='word_1_85' title='bbox 1509 958 1571 996; x_wconf 86' lang='lat' dir='ltr'>arra</span> <span class='ocrx_word' id='word_1_86' title='bbox 1585 943 1700 1015; x_wconf 83' lang='lat' dir='ltr'>labores,</span> 
     </span>
    </p>

    <p class='ocr_par' dir='ltr' id='par_1_5' title="bbox 146 1025 1754 1284">
     <span class='ocr_line' id='line_1_9' title="bbox 146 1025 1740 1090; baseline 0.003 -4"><span class='ocrx_word' id='word_1_87' title='bbox 146 1048 149 1057; x_wconf 84' lang='grc'><em>·</em></span> <span class='ocrx_word' id='word_1_88' title='bbox 204 1025 920 1086; x_wconf 71' lang='lat' dir='ltr'>lirricsctuncmonacbussociunsAnatoliusadditt&#39;</span> <span class='ocrx_word' id='word_1_89' title='bbox 1042 1028 1100 1082; x_wconf 78' lang='lat' dir='ltr'>ilua</span> <span class='ocrx_word' id='word_1_90' title='bbox 1140 1027 1234 1083; x_wconf 72' lang='lat' dir='ltr'>blnrus</span> <span class='ocrx_word' id='word_1_91' title='bbox 1269 1031 1428 1085; x_wconf 83' lang='lat' dir='ltr'>monacirum</span> <span class='ocrx_word' id='word_1_92' title='bbox 1468 1031 1580 1089; x_wconf 85' lang='lat' dir='ltr'>iiartino</span> <span class='ocrx_word' id='word_1_93' title='bbox 1613 1038 1740 1090; x_wconf 73' lang='lat' dir='ltr'>ostender</span> 
     </span>
     <span class='ocr_line' id='line_1_10' title="bbox 204 1118 1754 1201; baseline 0.003 -25"><span class='ocrx_word' id='word_1_94' title='bbox 204 1123 384 1177; x_wconf 85' lang='lat' dir='ltr'>incommune</span> <span class='ocrx_word' id='word_1_95' title='bbox 399 1122 473 1189; x_wconf 86' lang='lat' dir='ltr'>prins</span> <span class='ocrx_word' id='word_1_96' title='bbox 487 1119 597 1171; x_wconf 88' lang='lat' dir='ltr'>lrnmilrs</span> <span class='ocrx_word' id='word_1_97' title='bbox 615 1130 739 1182; x_wconf 87' lang='lat' dir='ltr'>censura,</span> <span class='ocrx_word' id='word_1_98' title='bbox 755 1118 865 1178; x_wconf 82' lang='lat' dir='ltr'>sodalis,</span> <span class='ocrx_word' id='word_1_99' title='bbox 1649 1128 1754 1201; x_wconf 60' lang='lat' dir='ltr'>[recidis</span> 
     </span>
     <span class='ocr_line' id='line_1_11' title="bbox 205 1209 1736 1284; baseline 0.004 -15"><span class='ocrx_word' id='word_1_100' title='bbox 205 1216 249 1284; x_wconf 72' lang='lat' dir='ltr'>Qui</span> <span class='ocrx_word' id='word_1_101' title='bbox 279 1214 355 1269; x_wconf 83' lang='lat' dir='ltr'>rudis</span> <span class='ocrx_word' id='word_1_102' title='bbox 369 1213 479 1283; x_wconf 91' lang='lat' dir='ltr'>ingenii,</span> <span class='ocrx_word' id='word_1_103' title='bbox 495 1220 604 1266; x_wconf 86' lang='lat' dir='ltr'>versuto</span> <span class='ocrx_word' id='word_1_104' title='bbox 619 1210 713 1265; x_wconf 88' lang='lat' dir='ltr'>illusus</span> <span class='ocrx_word' id='word_1_105' title='bbox 729 1210 762 1263; x_wconf 89' lang='lat' dir='ltr'>ab</span> <span class='ocrx_word' id='word_1_106' title='bbox 776 1211 863 1274; x_wconf 83' lang='lat' dir='ltr'>ltoste,</span> <span class='ocrx_word' id='word_1_107' title='bbox 1047 1209 1165 1265; x_wconf 86' lang='lat' dir='ltr'>Noscens</span> <span class='ocrx_word' id='word_1_108' title='bbox 1181 1211 1332 1279; x_wconf 82' lang='lat' dir='ltr'>pontificem</span> <span class='ocrx_word' id='word_1_109' title='bbox 1348 1213 1531 1282; x_wconf 82' lang='lat' dir='ltr'>phantasmata</span> <span class='ocrx_word' id='word_1_110' title='bbox 1549 1217 1619 1272; x_wconf 87' lang='lat' dir='ltr'>nullu</span> <span class='ocrx_word' id='word_1_111' title='bbox 1643 1219 1736 1276; x_wconf 88' lang='lat' dir='ltr'>latere.</span> 
     </span>
    </p>

    <p class='ocr_par' dir='ltr' id='par_1_6' title="bbox 153 1301 1718 1376">
     <span class='ocr_line' id='line_1_12' title="bbox 153 1301 1718 1376; baseline 0.001 -15"><span class='ocrx_word' id='word_1_112' title='bbox 153 1305 191 1361; x_wconf 76' lang='lat' dir='ltr'>tio</span> <span class='ocrx_word' id='word_1_113' title='bbox 205 1305 262 1360; x_wconf 88' lang='lat' dir='ltr'>Post</span> <span class='ocrx_word' id='word_1_114' title='bbox 276 1305 324 1369; x_wconf 83' lang='lat' dir='ltr'>ait,</span> <span class='ocrx_word' id='word_1_115' title='bbox 340 1304 373 1357; x_wconf 92' lang='lat' dir='ltr'>ad</span> <span class='ocrx_word' id='word_1_116' title='bbox 384 1317 445 1357; x_wconf 88' lang='lat' dir='ltr'>sese</span> <span class='ocrx_word' id='word_1_117' title='bbox 459 1301 530 1370; x_wconf 80' lang='lat' dir='ltr'>quod</span> <span class='ocrx_word' id='word_1_118' title='bbox 542 1301 648 1355; x_wconf 87' lang='lat' dir='ltr'>coeiitus</span> <span class='ocrx_word' id='word_1_119' title='bbox 658 1301 772 1368; x_wconf 79' lang='lat' dir='ltr'>,angelus</span> <span class='ocrx_word' id='word_1_120' title='bbox 786 1303 848 1363; x_wconf 88' lang='lat' dir='ltr'>iret,</span> <span class='ocrx_word' id='word_1_121' title='bbox 1042 1301 1108 1355; x_wconf 84' lang='lat' dir='ltr'>Cum</span> <span class='ocrx_word' id='word_1_122' title='bbox 1123 1303 1206 1358; x_wconf 87' lang='lat' dir='ltr'>sancti</span> <span class='ocrx_word' id='word_1_123' title='bbox 1222 1312 1284 1357; x_wconf 84' lang='lat' dir='ltr'>ante</span> <span class='ocrx_word' id='word_1_124' title='bbox 1298 1307 1389 1359; x_wconf 86' lang='lat' dir='ltr'>orrrlos</span> <span class='ocrx_word' id='word_1_125' title='bbox 1404 1306 1476 1359; x_wconf 82' lang='lat' dir='ltr'>vario</span> <span class='ocrx_word' id='word_1_126' title='bbox 1491 1305 1539 1359; x_wconf 87' lang='lat' dir='ltr'>init</span> <span class='ocrx_word' id='word_1_127' title='bbox 1563 1322 1612 1360; x_wconf 88' lang='lat' dir='ltr'>una</span> <span class='ocrx_word' id='word_1_128' title='bbox 1625 1307 1718 1376; x_wconf 79' lang='lat' dir='ltr'>ligura,</span> 
     </span>
    </p>

    <p class='ocr_par' dir='ltr' id='par_1_7' title="bbox 171 1391 1754 1742">
     <span class='ocr_line' id='line_1_13' title="bbox 171 1391 1721 1473; baseline 0.001 -22"><span class='ocrx_word' id='word_1_129' title='bbox 171 1468 172 1473; x_wconf 7' lang='grc' dir='ltr'>ἵ</span> <span class='ocrx_word' id='word_1_130' title='bbox 205 1400 239 1452; x_wconf 78' lang='lat' dir='ltr'>io</span> <span class='ocrx_word' id='word_1_131' title='bbox 248 1411 370 1450; x_wconf 86' lang='lat' dir='ltr'>reserare</span> <span class='ocrx_word' id='word_1_132' title='bbox 384 1395 433 1450; x_wconf 90' lang='lat' dir='ltr'>sibi</span> <span class='ocrx_word' id='word_1_133' title='bbox 447 1393 572 1465; x_wconf 77' lang='lat' dir='ltr'>mysteria</span> <span class='ocrx_word' id='word_1_134' title='bbox 589 1394 678 1446; x_wconf 89' lang='lat' dir='ltr'>clausa</span> <span class='ocrx_word' id='word_1_135' title='bbox 693 1392 831 1454; x_wconf 75' lang='lat' dir='ltr'>Tonantis,</span> <span class='ocrx_word' id='word_1_136' title='bbox 971 1391 1024 1448; x_wconf 78' lang='lat' dir='ltr'>alo</span> <span class='ocrx_word' id='word_1_137' title='bbox 1043 1392 1251 1462; x_wconf 84' lang='lat' dir='ltr'>Decipularnque</span> <span class='ocrx_word' id='word_1_138' title='bbox 1265 1409 1339 1448; x_wconf 84' lang='lat' dir='ltr'>suam</span> <span class='ocrx_word' id='word_1_139' title='bbox 1354 1396 1479 1464; x_wconf 77' lang='lat' dir='ltr'><strong>deceptor</strong></span> <span class='ocrx_word' id='word_1_140' title='bbox 1489 1398 1576 1464; x_wconf 89' lang='lat' dir='ltr'>perdit</span> <span class='ocrx_word' id='word_1_141' title='bbox 1589 1399 1614 1451; x_wconf 93' lang='lat' dir='ltr'>in</span> <span class='ocrx_word' id='word_1_142' title='bbox 1636 1401 1721 1454; x_wconf 89' lang='lat' dir='ltr'>illum.</span> 
     </span>
     <span class='ocr_line' id='line_1_14' title="bbox 206 1482 1672 1554; baseline -0.001 -12"><span class='ocrx_word' id='word_1_143' title='bbox 206 1488 236 1542; x_wconf 83' lang='lat' dir='ltr'>Et</span> <span class='ocrx_word' id='word_1_144' title='bbox 247 1488 303 1542; x_wconf 89' lang='lat' dir='ltr'>cito</span> <span class='ocrx_word' id='word_1_145' title='bbox 317 1488 422 1542; x_wconf 86' lang='lat' dir='ltr'>siderea</span> <span class='ocrx_word' id='word_1_146' title='bbox 437 1486 548 1539; x_wconf 74' lang='lat' dir='ltr'>volitent</span> <span class='ocrx_word' id='word_1_147' title='bbox 561 1499 608 1538; x_wconf 84' lang='lat' dir='ltr'>sua</span> <span class='ocrx_word' id='word_1_148' title='bbox 629 1483 722 1537; x_wconf 86' lang='lat' dir='ltr'>nuntia</span> <span class='ocrx_word' id='word_1_149' title='bbox 736 1497 831 1551; x_wconf 68' lang='lat' dir='ltr'>trenna,</span> <span class='ocrx_word' id='word_1_150' title='bbox 1042 1482 1167 1551; x_wconf 86' lang='lat' dir='ltr'>Coeperat</span> <span class='ocrx_word' id='word_1_151' title='bbox 1178 1485 1218 1538; x_wconf 87' lang='lat' dir='ltr'>iris</span> <span class='ocrx_word' id='word_1_152' title='bbox 1230 1486 1340 1538; x_wconf 87' lang='lat' dir='ltr'>demens</span> <span class='ocrx_word' id='word_1_153' title='bbox 1355 1486 1492 1540; x_wconf 77' lang='lat' dir='ltr'>bristolins</span> <span class='ocrx_word' id='word_1_154' title='bbox 1506 1501 1569 1554; x_wconf 87' lang='lat' dir='ltr'>erga</span> <span class='ocrx_word' id='word_1_155' title='bbox 1583 1487 1672 1553; x_wconf 77' lang='lat' dir='ltr'>territi,</span> 
     </span>
     <span class='ocr_line' id='line_1_15' title="bbox 206 1574 1614 1648; baseline -0.001 -15"><span class='ocrx_word' id='word_1_156' title='bbox 206 1580 288 1648; x_wconf 77' lang='lat' dir='ltr'>itque</span> <span class='ocrx_word' id='word_1_157' title='bbox 304 1579 416 1632; x_wconf 86' lang='lat' dir='ltr'>remissa</span> <span class='ocrx_word' id='word_1_158' title='bbox 430 1578 479 1630; x_wconf 86' lang='lat' dir='ltr'>viri</span> <span class='ocrx_word' id='word_1_159' title='bbox 493 1576 633 1646; x_wconf 71' lang='lat' dir='ltr'>responsio</span> <span class='ocrx_word' id='word_1_160' title='bbox 647 1574 737 1629; x_wconf 91' lang='lat' dir='ltr'>nubila</span> <span class='ocrx_word' id='word_1_161' title='bbox 751 1584 849 1644; x_wconf 88' lang='lat' dir='ltr'>tangat,</span> <span class='ocrx_word' id='word_1_162' title='bbox 1042 1574 1182 1629; x_wconf 80' lang='lat' dir='ltr'>interdicta</span> <span class='ocrx_word' id='word_1_163' title='bbox 1202 1575 1253 1629; x_wconf 87' lang='lat' dir='ltr'>sibi</span> <span class='ocrx_word' id='word_1_164' title='bbox 1268 1575 1372 1630; x_wconf 86' lang='lat' dir='ltr'>llartini</span> <span class='ocrx_word' id='word_1_165' title='bbox 1385 1592 1528 1632; x_wconf 87' lang='lat' dir='ltr'>occurrere</span> <span class='ocrx_word' id='word_1_166' title='bbox 1541 1579 1614 1644; x_wconf 87' lang='lat' dir='ltr'>ovili,</span> 
     </span>
     <span class='ocr_line' id='line_1_16' title="bbox 206 1667 1754 1742; baseline 0.003 -18"><span class='ocrx_word' id='word_1_167' title='bbox 206 1670 270 1724; x_wconf 85' lang='lat' dir='ltr'>inter</span> <span class='ocrx_word' id='word_1_168' title='bbox 285 1684 315 1725; x_wconf 88' lang='lat' dir='ltr'>sc</span> <span class='ocrx_word' id='word_1_169' title='bbox 336 1678 364 1724; x_wconf 85' lang='lat' dir='ltr'>ot</span> <span class='ocrx_word' id='word_1_170' title='bbox 380 1669 518 1723; x_wconf 84' lang='lat' dir='ltr'>bonrinmn</span> <span class='ocrx_word' id='word_1_171' title='bbox 536 1681 689 1722; x_wconf 86' lang='lat' dir='ltr'>memorans</span> <span class='ocrx_word' id='word_1_172' title='bbox 708 1667 759 1721; x_wconf 85' lang='lat' dir='ltr'>iter</span> <span class='ocrx_word' id='word_1_173' title='bbox 772 1681 833 1722; x_wconf 85' lang='lat' dir='ltr'>csse</span> <span class='ocrx_word' id='word_1_174' title='bbox 857 1681 920 1735; x_wconf 94' lang='lat' dir='ltr'>pro·</span> <span class='ocrx_word' id='word_1_175' title='bbox 1044 1668 1110 1722; x_wconf 86' lang='lat' dir='ltr'>iiuru</span> <span class='ocrx_word' id='word_1_176' title='bbox 1126 1678 1214 1725; x_wconf 87' lang='lat' dir='ltr'>tamen</span> <span class='ocrx_word' id='word_1_177' title='bbox 1239 1670 1329 1724; x_wconf 87' lang='lat' dir='ltr'>inritis</span> <span class='ocrx_word' id='word_1_178' title='bbox 1346 1670 1495 1725; x_wconf 78' lang='lat' dir='ltr'>traderetur</span> <span class='ocrx_word' id='word_1_179' title='bbox 1508 1673 1628 1740; x_wconf 90' lang='lat' dir='ltr'>passibus</span> <span class='ocrx_word' id='word_1_180' title='bbox 1642 1674 1754 1742; x_wconf 82' lang='lat' dir='ltr'>lraerens,</span> 
     </span>
    </p>

    <p class='ocr_par' dir='ltr' id='par_1_8' title="bbox 767 1739 1667 1837">
     <span class='ocr_line' id='line_1_17' title="bbox 767 1739 1667 1837; baseline 0.011 -24"><span class='ocrx_word' id='word_1_181' title='bbox 767 1757 917 1830; x_wconf 74' lang='lat' dir='ltr'>[pinguium</span> <span class='ocrx_word' id='word_1_182' title='bbox 935 1739 957 1798; x_wconf 66' lang='grc' dir='ltr'>Β</span> <span class='ocrx_word' id='word_1_183' title='bbox 1045 1759 1173 1831; x_wconf 78' lang='lat' dir='ltr'>Tegmina</span> <span class='ocrx_word' id='word_1_184' title='bbox 1185 1762 1316 1832; x_wconf 70' lang='lat' dir='ltr'>falsiloqui</span> <span class='ocrx_word' id='word_1_185' title='bbox 1332 1775 1476 1819; x_wconf 80' lang='lat' dir='ltr'>uanescunt</span> <span class='ocrx_word' id='word_1_186' title='bbox 1489 1767 1548 1821; x_wconf 88' lang='lat' dir='ltr'>alba</span> <span class='ocrx_word' id='word_1_187' title='bbox 1569 1769 1667 1837; x_wconf 79' lang='lat' dir='ltr'>nigelli,</span> 
     </span>
    </p>

    <p class='ocr_par' dir='ltr' id='par_1_9' title="bbox 157 1849 1756 2113">
     <span class='ocr_line' id='line_1_18' title="bbox 157 1849 1756 1928; baseline 0.006 -23"><span class='ocrx_word' id='word_1_188' title='bbox 157 1849 196 1907; x_wconf 76' lang='lat' dir='ltr'>tls</span> <span class='ocrx_word' id='word_1_189' title='bbox 210 1851 243 1909; x_wconf 77' lang='lat' dir='ltr'>le</span> <span class='ocrx_word' id='word_1_190' title='bbox 256 1852 308 1907; x_wconf 91' lang='lat' dir='ltr'>sibi</span> <span class='ocrx_word' id='word_1_191' title='bbox 320 1852 438 1920; x_wconf 86' lang='lat' dir='ltr'>contigui</span> <span class='ocrx_word' id='word_1_192' title='bbox 451 1853 534 1920; x_wconf 84' lang='lat' dir='ltr'>jactat</span> <span class='ocrx_word' id='word_1_193' title='bbox 546 1852 661 1907; x_wconf 89' lang='lat' dir='ltr'>conilrria</span> <span class='ocrx_word' id='word_1_194' title='bbox 674 1852 745 1915; x_wconf 85' lang='lat' dir='ltr'>coeli,</span> <span class='ocrx_word' id='word_1_195' title='bbox 971 1849 1025 1907; x_wconf 72' lang='lat'>275</span> <span class='ocrx_word' id='word_1_196' title='bbox 1043 1851 1077 1906; x_wconf 87' lang='lat' dir='ltr'>Et</span> <span class='ocrx_word' id='word_1_197' title='bbox 1104 1854 1173 1908; x_wconf 89' lang='lat' dir='ltr'>male</span> <span class='ocrx_word' id='word_1_198' title='bbox 1201 1853 1348 1910; x_wconf 86' lang='lat' dir='ltr'>destituunt</span> <span class='ocrx_word' id='word_1_199' title='bbox 1381 1856 1540 1911; x_wconf 87' lang='lat' dir='ltr'>monachum</span> <span class='ocrx_word' id='word_1_200' title='bbox 1577 1874 1641 1928; x_wconf 81' lang='lat' dir='ltr'>uaga</span> <span class='ocrx_word' id='word_1_201' title='bbox 1680 1852 1756 1927; x_wconf 84' lang='lat' dir='ltr'>puilia</span> 
     </span>
     <span class='ocr_line' id='line_1_19' title="bbox 208 1943 1755 2021; baseline 0.003 -22"><span class='ocrx_word' id='word_1_202' title='bbox 208 1944 238 1999; x_wconf 85' lang='lat' dir='ltr'>Se</span> <span class='ocrx_word' id='word_1_203' title='bbox 248 1952 354 1998; x_wconf 85' lang='lat' dir='ltr'>secreta</span> <span class='ocrx_word' id='word_1_204' title='bbox 370 1943 416 1999; x_wconf 86' lang='lat' dir='ltr'>[tei</span> <span class='ocrx_word' id='word_1_205' title='bbox 431 1945 566 1998; x_wconf 91' lang='lat' dir='ltr'>noscendo</span> <span class='ocrx_word' id='word_1_206' title='bbox 578 1944 632 2012; x_wconf 80' lang='lat' dir='ltr'>jam</span> <span class='ocrx_word' id='word_1_207' title='bbox 644 1958 705 1998; x_wconf 86' lang='lat' dir='ltr'>esso</span> <span class='ocrx_word' id='word_1_208' title='bbox 716 1944 884 2012; x_wconf 75' lang='lat' dir='ltr'>proplietam.</span> <span class='ocrx_word' id='word_1_209' title='bbox 1626 1948 1755 2021; x_wconf 89' lang='lat' dir='ltr'>[nudum;</span> 
     </span>
     <span class='ocr_line' id='line_1_20' title="bbox 209 2032 1755 2113; baseline 0.005 -24"><span class='ocrx_word' id='word_1_210' title='bbox 209 2032 254 2089; x_wconf 75' lang='lat' dir='ltr'>Sed</span> <span class='ocrx_word' id='word_1_211' title='bbox 278 2033 409 2099; x_wconf 87' lang='lat' dir='ltr'>Clarum,</span> <span class='ocrx_word' id='word_1_212' title='bbox 434 2043 462 2089; x_wconf 88' lang='lat' dir='ltr'>ut</span> <span class='ocrx_word' id='word_1_213' title='bbox 483 2035 585 2100; x_wconf 84' lang='lat' dir='ltr'>credat,</span> <span class='ocrx_word' id='word_1_214' title='bbox 602 2049 653 2089; x_wconf 89' lang='lat' dir='ltr'>nee</span> <span class='ocrx_word' id='word_1_215' title='bbox 675 2035 766 2103; x_wconf 91' lang='lat' dir='ltr'>opinio</span> <span class='ocrx_word' id='word_1_216' title='bbox 783 2034 848 2088; x_wconf 85' lang='lat' dir='ltr'>laisa</span> <span class='ocrx_word' id='word_1_217' title='bbox 864 2050 921 2088; x_wconf 87' lang='lat' dir='ltr'>mn-</span> <span class='ocrx_word' id='word_1_218' title='bbox 1042 2032 1096 2088; x_wconf 85' lang='lat' dir='ltr'>Nec</span> <span class='ocrx_word' id='word_1_219' title='bbox 1118 2041 1174 2088; x_wconf 89' lang='lat' dir='ltr'>stat</span> <span class='ocrx_word' id='word_1_220' title='bbox 1202 2035 1340 2106; x_wconf 75' lang='lat' dir='ltr'>imagineis</span> <span class='ocrx_word' id='word_1_221' title='bbox 1368 2036 1518 2092; x_wconf 75' lang='lat' dir='ltr'>simulatilis</span> <span class='ocrx_word' id='word_1_222' title='bbox 1544 2039 1636 2093; x_wconf 82' lang='lat' dir='ltr'>umbra</span> <span class='ocrx_word' id='word_1_223' title='bbox 1653 2038 1755 2113; x_wconf 87' lang='lat' dir='ltr'>liguris,</span> 
     </span>
    </p>

    <p class='ocr_par' dir='ltr' id='par_1_10' title="bbox 211 2123 1758 2472">
     <span class='ocr_line' id='line_1_21' title="bbox 820 2123 1653 2201; baseline 0.007 -24"><span class='ocrx_word' id='word_1_224' title='bbox 820 2124 919 2196; x_wconf 75' lang='lat' dir='ltr'>luebat.</span> <span class='ocrx_word' id='word_1_225' title='bbox 1044 2123 1147 2178; x_wconf 75' lang='lat' dir='ltr'>Territa</span> <span class='ocrx_word' id='word_1_226' title='bbox 1162 2125 1264 2178; x_wconf 84' lang='lat' dir='ltr'>blarriui</span> <span class='ocrx_word' id='word_1_227' title='bbox 1278 2125 1317 2181; x_wconf 79' lang='lat' dir='ltr'>sle</span> <span class='ocrx_word' id='word_1_228' title='bbox 1339 2131 1446 2182; x_wconf 86' lang='lat' dir='ltr'>nornine</span> <span class='ocrx_word' id='word_1_229' title='bbox 1461 2128 1533 2182; x_wconf 87' lang='lat' dir='ltr'>larva</span> <span class='ocrx_word' id='word_1_230' title='bbox 1548 2129 1653 2201; x_wconf 90' lang='lat' dir='ltr'>rciugit.</span> 
     </span>
     <span class='ocr_line' id='line_1_22' title="bbox 211 2212 1758 2288; baseline 0.005 -20"><span class='ocrx_word' id='word_1_231' title='bbox 211 2213 279 2269; x_wconf 89' lang='lat' dir='ltr'>Tunc</span> <span class='ocrx_word' id='word_1_232' title='bbox 292 2214 352 2270; x_wconf 87' lang='lat' dir='ltr'>sine</span> <span class='ocrx_word' id='word_1_233' title='bbox 369 2228 444 2267; x_wconf 91' lang='lat' dir='ltr'>more</span> <span class='ocrx_word' id='word_1_234' title='bbox 455 2212 546 2268; x_wconf 83' lang='lat' dir='ltr'>iurene</span> <span class='ocrx_word' id='word_1_235' title='bbox 558 2213 700 2268; x_wconf 72' lang='lat' dir='ltr'>Anatolius</span> <span class='ocrx_word' id='word_1_236' title='bbox 714 2215 810 2268; x_wconf 88' lang='lat' dir='ltr'>asserit</span> <span class='ocrx_word' id='word_1_237' title='bbox 823 2214 919 2268; x_wconf 78' lang='lat' dir='ltr'>audax.</span> <span class='ocrx_word' id='word_1_238' title='bbox 1080 2217 1169 2270; x_wconf 87' lang='lat' dir='ltr'>ilosris</span> <span class='ocrx_word' id='word_1_239' title='bbox 1186 2218 1259 2271; x_wconf 88' lang='lat' dir='ltr'>iners</span> <span class='ocrx_word' id='word_1_240' title='bbox 1274 2221 1373 2288; x_wconf 78' lang='lat' dir='ltr'>majora</span> <span class='ocrx_word' id='word_1_241' title='bbox 1392 2221 1448 2274; x_wconf 89' lang='lat' dir='ltr'>suis</span> <span class='ocrx_word' id='word_1_242' title='bbox 1462 2221 1559 2276; x_wconf 87' lang='lat' dir='ltr'>debinc</span> <span class='ocrx_word' id='word_1_243' title='bbox 1581 2223 1684 2278; x_wconf 83' lang='lat' dir='ltr'>viribus</span> <span class='ocrx_word' id='word_1_244' title='bbox 1710 2239 1758 2276; x_wconf 87' lang='lat' dir='ltr'>au-</span> 
     </span>
     <span class='ocr_line' id='line_1_23' title="bbox 211 2306 1755 2388; baseline 0.005 -27"><span class='ocrx_word' id='word_1_245' title='bbox 211 2307 260 2376; x_wconf 79' lang='lat' dir='ltr'>Quo</span> <span class='ocrx_word' id='word_1_246' title='bbox 285 2309 337 2363; x_wconf 86' lang='lat' dir='ltr'>sibi</span> <span class='ocrx_word' id='word_1_247' title='bbox 362 2307 396 2363; x_wconf 92' lang='lat' dir='ltr'>de</span> <span class='ocrx_word' id='word_1_248' title='bbox 419 2309 489 2363; x_wconf 89' lang='lat' dir='ltr'>coelo</span> <span class='ocrx_word' id='word_1_249' title='bbox 514 2306 643 2362; x_wconf 83' lang='lat' dir='ltr'>Dominus</span> <span class='ocrx_word' id='word_1_250' title='bbox 667 2309 829 2361; x_wconf 88' lang='lat' dir='ltr'>transmittat</span> <span class='ocrx_word' id='word_1_251' title='bbox 852 2307 921 2360; x_wconf 90' lang='lat' dir='ltr'>ami·</span> <span class='ocrx_word' id='word_1_252' title='bbox 1665 2312 1755 2388; x_wconf 60' lang='lat' dir='ltr'>[dena</span> 
     </span>
     <span class='ocr_line' id='line_1_24' title="bbox 819 2395 1684 2472; baseline 0.008 -21"><span class='ocrx_word' id='word_1_253' title='bbox 819 2396 920 2470; x_wconf 75' lang='grc' dir='ltr'>,[ιιιιιιι.</span> <span class='ocrx_word' id='word_1_254' title='bbox 1044 2395 1166 2452; x_wconf 84' lang='lat' dir='ltr'>Perlidns</span> <span class='ocrx_word' id='word_1_255' title='bbox 1178 2408 1203 2452; x_wconf 89' lang='lat' dir='ltr'>et</span> <span class='ocrx_word' id='word_1_256' title='bbox 1217 2400 1315 2454; x_wconf 88' lang='lat' dir='ltr'>totiens</span> <span class='ocrx_word' id='word_1_257' title='bbox 1328 2399 1421 2466; x_wconf 87' lang='lat' dir='ltr'>elisus,</span> <span class='ocrx_word' id='word_1_258' title='bbox 1437 2417 1487 2457; x_wconf 87' lang='lat' dir='ltr'>nec</span> <span class='ocrx_word' id='word_1_259' title='bbox 1500 2402 1551 2458; x_wconf 89' lang='lat' dir='ltr'>sibi</span> <span class='ocrx_word' id='word_1_260' title='bbox 1563 2405 1684 2472; x_wconf 87' lang='lat' dir='ltr'>credens,</span> 
     </span>
    </p>

    <p class='ocr_par' dir='ltr' id='par_1_11' title="bbox 161 2483 1758 2744">
     <span class='ocr_line' id='line_1_25' title="bbox 161 2483 1758 2562; baseline 0.008 -26"><span class='ocrx_word' id='word_1_261' title='bbox 161 2483 199 2539; x_wconf 81' lang='lat' dir='ltr'>lib</span> <span class='ocrx_word' id='word_1_262' title='bbox 213 2486 300 2544; x_wconf 83' lang='lat' dir='ltr'>irrduat</span> <span class='ocrx_word' id='word_1_263' title='bbox 313 2498 340 2543; x_wconf 86' lang='lat' dir='ltr'>et</span> <span class='ocrx_word' id='word_1_264' title='bbox 354 2498 454 2544; x_wconf 84' lang='lat' dir='ltr'>restem</span> <span class='ocrx_word' id='word_1_265' title='bbox 468 2489 582 2544; x_wconf 83' lang='lat' dir='ltr'>delatam</span> <span class='ocrx_word' id='word_1_266' title='bbox 604 2500 680 2545; x_wconf 90' lang='lat' dir='ltr'>nocto</span> <span class='ocrx_word' id='word_1_267' title='bbox 695 2488 796 2556; x_wconf 86' lang='lat' dir='ltr'>silenti,</span> <span class='ocrx_word' id='word_1_268' title='bbox 972 2487 1027 2543; x_wconf 74' lang='lat'>280</span> <span class='ocrx_word' id='word_1_269' title='bbox 1044 2489 1144 2544; x_wconf 77' lang='lat' dir='ltr'>babilis</span> <span class='ocrx_word' id='word_1_270' title='bbox 1159 2505 1233 2543; x_wconf 92' lang='lat' dir='ltr'>arma</span> <span class='ocrx_word' id='word_1_271' title='bbox 1248 2506 1368 2556; x_wconf 80' lang='lat' dir='ltr'>moscus,</span> <span class='ocrx_word' id='word_1_272' title='bbox 1381 2502 1408 2546; x_wconf 89' lang='lat' dir='ltr'>et</span> <span class='ocrx_word' id='word_1_273' title='bbox 1421 2493 1538 2560; x_wconf 83' lang='lat' dir='ltr'>degener</span> <span class='ocrx_word' id='word_1_274' title='bbox 1549 2494 1631 2548; x_wconf 87' lang='lat' dir='ltr'>ardna</span> <span class='ocrx_word' id='word_1_275' title='bbox 1642 2504 1758 2562; x_wconf 85' lang='lat' dir='ltr'>tentans,</span> 
     </span>
     <span class='ocr_line' id='line_1_26' title="bbox 214 2578 1703 2651; baseline 0.003 -17"><span class='ocrx_word' id='word_1_276' title='bbox 214 2578 242 2634; x_wconf 86' lang='lat' dir='ltr'>lit</span> <span class='ocrx_word' id='word_1_277' title='bbox 253 2580 336 2649; x_wconf 89' lang='lat' dir='ltr'>signis</span> <span class='ocrx_word' id='word_1_278' title='bbox 351 2590 475 2649; x_wconf 80' lang='lat' dir='ltr'>stupeant</span> <span class='ocrx_word' id='word_1_279' title='bbox 500 2581 578 2650; x_wconf 79' lang='lat' dir='ltr'>cuijus</span> <span class='ocrx_word' id='word_1_280' title='bbox 600 2581 680 2635; x_wconf 92' lang='lat' dir='ltr'>modo</span> <span class='ocrx_word' id='word_1_281' title='bbox 695 2581 775 2636; x_wconf 85' lang='lat' dir='ltr'>rerba</span> <span class='ocrx_word' id='word_1_282' title='bbox 786 2582 921 2637; x_wconf 84' lang='lat' dir='ltr'>cavillant.</span> <span class='ocrx_word' id='word_1_283' title='bbox 1047 2582 1080 2636; x_wconf 84' lang='lat' dir='ltr'>llt</span> <span class='ocrx_word' id='word_1_284' title='bbox 1093 2596 1139 2636; x_wconf 87' lang='lat' dir='ltr'>suu</span> <span class='ocrx_word' id='word_1_285' title='bbox 1156 2582 1213 2635; x_wconf 89' lang='lat' dir='ltr'>lans</span> <span class='ocrx_word' id='word_1_286' title='bbox 1227 2582 1303 2637; x_wconf 83' lang='lat' dir='ltr'>beret</span> <span class='ocrx_word' id='word_1_287' title='bbox 1328 2585 1367 2635; x_wconf 87' lang='lat' dir='ltr'>vel</span> <span class='ocrx_word' id='word_1_288' title='bbox 1384 2583 1543 2638; x_wconf 80' lang='lat' dir='ltr'>sollicitasse</span> <span class='ocrx_word' id='word_1_289' title='bbox 1559 2593 1703 2651; x_wconf 85' lang='lat' dir='ltr'>potentem,</span> 
     </span>
     <span class='ocr_line' id='line_1_27' title="bbox 213 2670 1722 2744; baseline 0.002 -19"><span class='ocrx_word' id='word_1_290' title='bbox 213 2670 298 2727; x_wconf 83' lang='lat' dir='ltr'>Tlcrat</span> <span class='ocrx_word' id='word_1_291' title='bbox 315 2675 379 2729; x_wconf 87' lang='lat' dir='ltr'>binc</span> <span class='ocrx_word' id='word_1_292' title='bbox 392 2674 495 2727; x_wconf 78' lang='lat' dir='ltr'>uarium</span> <span class='ocrx_word' id='word_1_293' title='bbox 522 2677 714 2741; x_wconf 83' lang='lat' dir='ltr'>nronacbnrum</span> <span class='ocrx_word' id='word_1_294' title='bbox 729 2673 806 2728; x_wconf 87' lang='lat' dir='ltr'>turbu</span> <span class='ocrx_word' id='word_1_295' title='bbox 822 2675 922 2729; x_wconf 88' lang='lat' dir='ltr'>tumui·</span> <span class='ocrx_word' id='word_1_296' title='bbox 1044 2671 1186 2726; x_wconf 77' lang='lat' dir='ltr'>Cres-cerer</span> <span class='ocrx_word' id='word_1_297' title='bbox 1199 2681 1226 2725; x_wconf 93' lang='lat' dir='ltr'>et</span> <span class='ocrx_word' id='word_1_298' title='bbox 1242 2672 1333 2736; x_wconf 88' lang='lat' dir='ltr'>titulis,</span> <span class='ocrx_word' id='word_1_299' title='bbox 1351 2671 1445 2727; x_wconf 80' lang='lat' dir='ltr'>sortem</span> <span class='ocrx_word' id='word_1_300' title='bbox 1460 2675 1580 2740; x_wconf 81' lang='lat' dir='ltr'>pulsasse</span> <span class='ocrx_word' id='word_1_301' title='bbox 1602 2677 1722 2744; x_wconf 81' lang='lat' dir='ltr'>sagittis:</span> 
     </span>
    </p>

    <p class='ocr_par' dir='ltr' id='par_1_12' title="bbox 214 2764 1758 3018">
     <span class='ocr_line' id='line_1_28' title="bbox 844 2764 1756 2836; baseline 0.001 -18"><span class='ocrx_word' id='word_1_302' title='bbox 844 2764 920 2836; x_wconf 92' lang='lat' dir='ltr'>[tum,</span> <span class='ocrx_word' id='word_1_303' title='bbox 1046 2764 1163 2832; x_wconf 81' lang='lat' dir='ltr'>lienique</span> <span class='ocrx_word' id='word_1_304' title='bbox 1177 2778 1239 2816; x_wconf 90' lang='lat' dir='ltr'>curn</span> <span class='ocrx_word' id='word_1_305' title='bbox 1253 2775 1360 2819; x_wconf 88' lang='lat' dir='ltr'>sanetus</span> <span class='ocrx_word' id='word_1_306' title='bbox 1372 2766 1512 2818; x_wconf 82' lang='lat' dir='ltr'>recubaret</span> <span class='ocrx_word' id='word_1_307' title='bbox 1527 2767 1553 2819; x_wconf 92' lang='lat' dir='ltr'>in</span> <span class='ocrx_word' id='word_1_308' title='bbox 1564 2781 1659 2836; x_wconf 81' lang='lat' dir='ltr'>aggere</span> <span class='ocrx_word' id='word_1_309' title='bbox 1672 2767 1756 2833; x_wconf 83' lang='lat' dir='ltr'>iosus,</span> 
     </span>
     <span class='ocr_line' id='line_1_29' title="bbox 214 2853 1758 2925; baseline -0.001 -17"><span class='ocrx_word' id='word_1_310' title='bbox 214 2854 242 2908; x_wconf 80' lang='lat' dir='ltr'>Et</span> <span class='ocrx_word' id='word_1_311' title='bbox 252 2869 382 2925; x_wconf 86' lang='lat' dir='ltr'>suspensa</span> <span class='ocrx_word' id='word_1_312' title='bbox 397 2863 469 2910; x_wconf 86' lang='lat' dir='ltr'>tenet</span> <span class='ocrx_word' id='word_1_313' title='bbox 490 2854 621 2924; x_wconf 85' lang='lat' dir='ltr'>spectatio</span> <span class='ocrx_word' id='word_1_314' title='bbox 637 2868 705 2907; x_wconf 85' lang='lat' dir='ltr'>rana</span> <span class='ocrx_word' id='word_1_315' title='bbox 718 2853 833 2910; x_wconf 85' lang='lat' dir='ltr'>sodales.</span> <span class='ocrx_word' id='word_1_316' title='bbox 958 2860 969 2876; x_wconf 89' lang='grc'><em>·</em></span> <span class='ocrx_word' id='word_1_317' title='bbox 1047 2853 1208 2907; x_wconf 85' lang='lat' dir='ltr'>insinuando</span> <span class='ocrx_word' id='word_1_318' title='bbox 1224 2869 1317 2921; x_wconf 87' lang='lat' dir='ltr'>preces</span> <span class='ocrx_word' id='word_1_319' title='bbox 1332 2855 1444 2910; x_wconf 81' lang='lat' dir='ltr'>bonrrino</span> <span class='ocrx_word' id='word_1_320' title='bbox 1458 2871 1506 2923; x_wconf 91' lang='lat' dir='ltr'>pro</span> <span class='ocrx_word' id='word_1_321' title='bbox 1522 2857 1598 2923; x_wconf 84' lang='lat' dir='ltr'>plebe</span> <span class='ocrx_word' id='word_1_322' title='bbox 1621 2860 1758 2921; x_wconf 68' lang='lat' dir='ltr'>sarcerdos,</span> 
     </span>
     <span class='ocr_line' id='line_1_30' title="bbox 215 2943 1728 3018; baseline 0.002 -19"><span class='ocrx_word' id='word_1_323' title='bbox 215 2946 306 3003; x_wconf 88' lang='lat' dir='ltr'>interea</span> <span class='ocrx_word' id='word_1_324' title='bbox 323 2949 426 3003; x_wconf 84' lang='lat' dir='ltr'>medius</span> <span class='ocrx_word' id='word_1_325' title='bbox 447 2951 522 3018; x_wconf 87' lang='lat' dir='ltr'>quasi</span> <span class='ocrx_word' id='word_1_326' title='bbox 547 2963 599 3001; x_wconf 82' lang='lat' dir='ltr'>nor</span> <span class='ocrx_word' id='word_1_327' title='bbox 624 2956 820 3003; x_wconf 87' lang='lat' dir='ltr'>transcurrerat</span> <span class='ocrx_word' id='word_1_328' title='bbox 833 2948 922 3013; x_wconf 86' lang='lat' dir='ltr'>boras,</span> <span class='ocrx_word' id='word_1_329' title='bbox 974 2943 1027 2998; x_wconf 65' lang='lat'>285</span> <span class='ocrx_word' id='word_1_330' title='bbox 1045 2945 1171 2999; x_wconf 75' lang='lat' dir='ltr'>corastitit</span> <span class='ocrx_word' id='word_1_331' title='bbox 1184 2956 1245 3000; x_wconf 80' lang='lat' dir='ltr'>:ante</span> <span class='ocrx_word' id='word_1_332' title='bbox 1257 2949 1348 3001; x_wconf 91' lang='lat' dir='ltr'>oculos</span> <span class='ocrx_word' id='word_1_333' title='bbox 1362 2947 1489 3000; x_wconf 77' lang='lat' dir='ltr'>deformis</span> <span class='ocrx_word' id='word_1_334' title='bbox 1503 2946 1588 3001; x_wconf 85' lang='lat' dir='ltr'>inrma</span> <span class='ocrx_word' id='word_1_335' title='bbox 1610 2948 1728 3013; x_wconf 83' lang='lat' dir='ltr'>rebellis,</span> 
     </span>
    </p>

    <p class='ocr_par' dir='ltr' id='par_1_13' title="bbox 159 3034 1722 3201">
     <span class='ocr_line' id='line_1_31' title="bbox 159 3034 1722 3109; baseline 0.003 -19"><span class='ocrx_word' id='word_1_336' title='bbox 159 3034 200 3090; x_wconf 69' lang='lat' dir='ltr'>dli</span> <span class='ocrx_word' id='word_1_337' title='bbox 215 3036 243 3092; x_wconf 82' lang='lat' dir='ltr'>u</span> <span class='ocrx_word' id='word_1_338' title='bbox 254 3048 310 3094; x_wconf 89' lang='lat' dir='ltr'>rota</span> <span class='ocrx_word' id='word_1_339' title='bbox 327 3034 395 3094; x_wconf 80' lang='lat' dir='ltr'>licta</span> <span class='ocrx_word' id='word_1_340' title='bbox 409 3053 486 3109; x_wconf 79' lang='lat' dir='ltr'>aequo</span> <span class='ocrx_word' id='word_1_341' title='bbox 505 3037 735 3108; x_wconf 77' lang='lat' dir='ltr'>gyrabatcardioc</span> <span class='ocrx_word' id='word_1_342' title='bbox 750 3047 867 3091; x_wconf 87' lang='lat' dir='ltr'>metam:</span> <span class='ocrx_word' id='word_1_343' title='bbox 1047 3035 1196 3103; x_wconf 88' lang='lat' dir='ltr'>Sulplurrea</span> <span class='ocrx_word' id='word_1_344' title='bbox 1211 3037 1332 3091; x_wconf 88' lang='lat' dir='ltr'>subluce</span> <span class='ocrx_word' id='word_1_345' title='bbox 1356 3040 1459 3091; x_wconf 88' lang='lat' dir='ltr'>micans</span> <span class='ocrx_word' id='word_1_346' title='bbox 1474 3037 1603 3092; x_wconf 85' lang='lat' dir='ltr'>radiatilis</span> <span class='ocrx_word' id='word_1_347' title='bbox 1618 3042 1722 3104; x_wconf 89' lang='lat' dir='ltr'>urnbra,</span> 
     </span>
     <span class='ocr_line' id='line_1_32' title="bbox 215 3127 1708 3201; baseline 0.003 -19"><span class='ocrx_word' id='word_1_348' title='bbox 215 3127 251 3183; x_wconf 80' lang='lat' dir='ltr'>Tit</span> <span class='ocrx_word' id='word_1_349' title='bbox 264 3130 354 3184; x_wconf 89' lang='lat' dir='ltr'>subito</span> <span class='ocrx_word' id='word_1_350' title='bbox 369 3131 505 3200; x_wconf 88' lang='lat' dir='ltr'>strepitus,</span> <span class='ocrx_word' id='word_1_351' title='bbox 533 3128 653 3198; x_wconf 82' lang='lat' dir='ltr'>quatitur</span> <span class='ocrx_word' id='word_1_352' title='bbox 666 3129 752 3194; x_wconf 90' lang='lat' dir='ltr'>loeus,</span> <span class='ocrx_word' id='word_1_353' title='bbox 775 3142 849 3182; x_wconf 85' lang='lat' dir='ltr'>arma</span> <span class='ocrx_word' id='word_1_354' title='bbox 863 3142 921 3182; x_wconf 91' lang='lat' dir='ltr'>mo·</span> <span class='ocrx_word' id='word_1_355' title='bbox 1048 3129 1162 3182; x_wconf 84' lang='lat' dir='ltr'>Lumine</span> <span class='ocrx_word' id='word_1_356' title='bbox 1178 3131 1289 3183; x_wconf 86' lang='lat' dir='ltr'>ruentito</span> <span class='ocrx_word' id='word_1_357' title='bbox 1300 3129 1467 3192; x_wconf 83' lang='lat' dir='ltr'>terrebrosus,</span> <span class='ocrx_word' id='word_1_358' title='bbox 1482 3138 1509 3184; x_wconf 88' lang='lat' dir='ltr'>et</span> <span class='ocrx_word' id='word_1_359' title='bbox 1522 3139 1578 3183; x_wconf 89' lang='lat' dir='ltr'>atra</span> <span class='ocrx_word' id='word_1_360' title='bbox 1591 3146 1708 3201; x_wconf 78' lang='lat' dir='ltr'>uorag03</span> 
     </span>
    </p>

    <p class='ocr_par' dir='ltr' id='par_1_14' title="bbox 210 3219 1713 3567">
     <span class='ocr_line' id='line_1_33' title="bbox 795 3219 1620 3293; baseline 0.004 -20"><span class='ocrx_word' id='word_1_361' title='bbox 795 3219 922 3293; x_wconf 62' lang='lat' dir='ltr'>[rentum</span> <span class='ocrx_word' id='word_1_362' title='bbox 1047 3219 1172 3289; x_wconf 80' lang='lat' dir='ltr'>Fulgidus</span> <span class='ocrx_word' id='word_1_363' title='bbox 1182 3220 1297 3284; x_wconf 82' lang='lat' dir='ltr'>exuuiis,</span> <span class='ocrx_word' id='word_1_364' title='bbox 1319 3219 1400 3288; x_wconf 89' lang='lat' dir='ltr'>regali</span> <span class='ocrx_word' id='word_1_365' title='bbox 1416 3229 1489 3274; x_wconf 85' lang='lat' dir='ltr'>reste</span> <span class='ocrx_word' id='word_1_366' title='bbox 1501 3221 1620 3287; x_wconf 85' lang='lat' dir='ltr'>satelles,</span> 
     </span>
     <span class='ocr_line' id='line_1_34' title="bbox 210 3304 1713 3386; baseline 0.001 -19"><span class='ocrx_word' id='word_1_367' title='bbox 210 3311 241 3386; x_wconf 70' lang='grc' dir='ltr'>4Ει</span> <span class='ocrx_word' id='word_1_368' title='bbox 250 3308 379 3369; x_wconf 87' lang='lat' dir='ltr'>concussa</span> <span class='ocrx_word' id='word_1_369' title='bbox 393 3311 470 3366; x_wconf 87' lang='lat' dir='ltr'>simul</span> <span class='ocrx_word' id='word_1_370' title='bbox 485 3311 559 3366; x_wconf 81' lang='lat' dir='ltr'>uario</span> <span class='ocrx_word' id='word_1_371' title='bbox 574 3309 663 3366; x_wconf 88' lang='lat' dir='ltr'>iremit</span> <span class='ocrx_word' id='word_1_372' title='bbox 677 3311 736 3365; x_wconf 80' lang='lat' dir='ltr'>arula</span> <span class='ocrx_word' id='word_1_373' title='bbox 751 3325 870 3376; x_wconf 88' lang='lat' dir='ltr'>susurro,</span> <span class='ocrx_word' id='word_1_374' title='bbox 1045 3311 1144 3366; x_wconf 87' lang='lat' dir='ltr'>Tectus</span> <span class='ocrx_word' id='word_1_375' title='bbox 1158 3312 1310 3380; x_wconf 87' lang='lat' dir='ltr'>bracteolis,</span> <span class='ocrx_word' id='word_1_376' title='bbox 1326 3327 1412 3366; x_wconf 84' lang='lat' dir='ltr'>vacuo</span> <span class='ocrx_word' id='word_1_377' title='bbox 1424 3304 1574 3366; x_wconf 83' lang='lat' dir='ltr'>diademate</span> <span class='ocrx_word' id='word_1_378' title='bbox 1589 3312 1713 3382; x_wconf 86' lang='lat' dir='ltr'>poielrcr;</span> 
     </span>
     <span class='ocr_line' id='line_1_35' title="bbox 213 3399 1708 3474; baseline -0.002 -13"><span class='ocrx_word' id='word_1_379' title='bbox 213 3402 341 3461; x_wconf 71' lang='lat' dir='ltr'>fluunure</span> <span class='ocrx_word' id='word_1_380' title='bbox 355 3405 498 3459; x_wconf 90' lang='lat' dir='ltr'>raucisono</span> <span class='ocrx_word' id='word_1_381' title='bbox 521 3405 660 3474; x_wconf 88' lang='lat' dir='ltr'>irangeme</span> <span class='ocrx_word' id='word_1_382' title='bbox 681 3405 771 3471; x_wconf 90' lang='lat' dir='ltr'>lepore</span> <span class='ocrx_word' id='word_1_383' title='bbox 795 3405 923 3473; x_wconf 78' lang='lat' dir='ltr'>loquelas.</span> <span class='ocrx_word' id='word_1_384' title='bbox 976 3399 1028 3455; x_wconf 74' lang='lat' dir='ltr'>aad</span> <span class='ocrx_word' id='word_1_385' title='bbox 1047 3401 1147 3456; x_wconf 74' lang='lat' dir='ltr'>ordine</span> <span class='ocrx_word' id='word_1_386' title='bbox 1162 3417 1326 3471; x_wconf 75' lang='lat' dir='ltr'>guiumarum</span> <span class='ocrx_word' id='word_1_387' title='bbox 1339 3418 1483 3458; x_wconf 90' lang='lat' dir='ltr'>numerosa</span> <span class='ocrx_word' id='word_1_388' title='bbox 1499 3403 1557 3457; x_wconf 86' lang='lat' dir='ltr'>lucc</span> <span class='ocrx_word' id='word_1_389' title='bbox 1571 3418 1708 3470; x_wconf 84' lang='lat' dir='ltr'>coruscus,</span> 
     </span>
     <span class='ocr_line' id='line_1_36' title="bbox 214 3491 1707 3567; baseline -0.001 -15"><span class='ocrx_word' id='word_1_390' title='bbox 214 3496 308 3555; x_wconf 77' lang='lat' dir='ltr'>Credas</span> <span class='ocrx_word' id='word_1_391' title='bbox 324 3513 458 3567; x_wconf 87' lang='lat' dir='ltr'>pugnaces</span> <span class='ocrx_word' id='word_1_392' title='bbox 483 3498 594 3552; x_wconf 73' lang='lat' dir='ltr'>uolitare</span> <span class='ocrx_word' id='word_1_393' title='bbox 619 3512 666 3566; x_wconf 91' lang='lat' dir='ltr'>per</span> <span class='ocrx_word' id='word_1_394' title='bbox 680 3506 749 3550; x_wconf 87' lang='lat' dir='ltr'>ostra</span> <span class='ocrx_word' id='word_1_395' title='bbox 770 3497 922 3566; x_wconf 84' lang='lat' dir='ltr'>phalanges,</span> <span class='ocrx_word' id='word_1_396' title='bbox 1047 3491 1125 3547; x_wconf 79' lang='lat' dir='ltr'>Falsa</span> <span class='ocrx_word' id='word_1_397' title='bbox 1137 3501 1209 3547; x_wconf 84' lang='lat' dir='ltr'>reste</span> <span class='ocrx_word' id='word_1_398' title='bbox 1224 3501 1316 3561; x_wconf 89' lang='lat' dir='ltr'>potem</span> <span class='ocrx_word' id='word_1_399' title='bbox 1329 3511 1337 3559; x_wconf 89' lang='lat'>;</span> <span class='ocrx_word' id='word_1_400' title='bbox 1352 3494 1394 3549; x_wconf 91' lang='lat' dir='ltr'>eui</span> <span class='ocrx_word' id='word_1_401' title='bbox 1418 3493 1524 3548; x_wconf 86' lang='lat' dir='ltr'>calceus</span> <span class='ocrx_word' id='word_1_402' title='bbox 1537 3492 1618 3549; x_wconf 86' lang='lat' dir='ltr'>illitus</span> <span class='ocrx_word' id='word_1_403' title='bbox 1632 3510 1707 3561; x_wconf 86' lang='lat' dir='ltr'>arrro,</span> 
     </span>
    </p>

    <p class='ocr_par' dir='ltr' id='par_1_15' title="bbox 163 3582 1762 3932">
     <span class='ocr_line' id='line_1_37' title="bbox 163 3582 1728 3660; baseline -0.001 -14"><span class='ocrx_word' id='word_1_404' title='bbox 163 3582 199 3637; x_wconf 77' lang='lat' dir='ltr'>iit)</span> <span class='ocrx_word' id='word_1_405' title='bbox 215 3589 242 3646; x_wconf 76' lang='lat' dir='ltr'>Et</span> <span class='ocrx_word' id='word_1_406' title='bbox 256 3594 348 3648; x_wconf 87' lang='lat' dir='ltr'>rideas</span> <span class='ocrx_word' id='word_1_407' title='bbox 363 3591 469 3660; x_wconf 89' lang='lat' dir='ltr'>rapidas</span> <span class='ocrx_word' id='word_1_408' title='bbox 485 3590 637 3644; x_wconf 88' lang='lat' dir='ltr'>discurrere</span> <span class='ocrx_word' id='word_1_409' title='bbox 661 3588 765 3643; x_wconf 87' lang='lat' dir='ltr'>turbine</span> <span class='ocrx_word' id='word_1_410' title='bbox 777 3599 888 3643; x_wconf 85' lang='lat' dir='ltr'>turmas.</span> <span class='ocrx_word' id='word_1_411' title='bbox 1048 3585 1139 3640; x_wconf 86' lang='lat' dir='ltr'>Latior</span> <span class='ocrx_word' id='word_1_412' title='bbox 1149 3596 1174 3641; x_wconf 89' lang='lat' dir='ltr'>et</span> <span class='ocrx_word' id='word_1_413' title='bbox 1194 3587 1294 3641; x_wconf 90' lang='lat' dir='ltr'>tumido</span> <span class='ocrx_word' id='word_1_414' title='bbox 1304 3586 1409 3657; x_wconf 82' lang='lat' dir='ltr'>jactans</span> <span class='ocrx_word' id='word_1_415' title='bbox 1428 3600 1458 3641; x_wconf 88' lang='lat' dir='ltr'>se</span> <span class='ocrx_word' id='word_1_416' title='bbox 1471 3602 1566 3657; x_wconf 90' lang='lat' dir='ltr'>pompa</span> <span class='ocrx_word' id='word_1_417' title='bbox 1580 3587 1728 3658; x_wconf 80' lang='lat' dir='ltr'>triumpho,</span> 
     </span>
     <span class='ocr_line' id='line_1_38' title="bbox 215 3674 1762 3751; baseline -0.003 -11"><span class='ocrx_word' id='word_1_418' title='bbox 215 3685 256 3742; x_wconf 90' lang='lat' dir='ltr'>llic</span> <span class='ocrx_word' id='word_1_419' title='bbox 269 3688 313 3741; x_wconf 93' lang='lat' dir='ltr'>ubi</span> <span class='ocrx_word' id='word_1_420' title='bbox 325 3684 466 3740; x_wconf 86' lang='lat' dir='ltr'>concussis</span> <span class='ocrx_word' id='word_1_421' title='bbox 487 3682 626 3738; x_wconf 89' lang='lat' dir='ltr'>redierunt</span> <span class='ocrx_word' id='word_1_422' title='bbox 639 3683 692 3736; x_wconf 88' lang='lat' dir='ltr'>otia</span> <span class='ocrx_word' id='word_1_423' title='bbox 706 3681 799 3743; x_wconf 90' lang='lat' dir='ltr'>turbis,</span> <span class='ocrx_word' id='word_1_424' title='bbox 1047 3675 1128 3748; x_wconf 82' lang='lat' dir='ltr'>Cujus</span> <span class='ocrx_word' id='word_1_425' title='bbox 1143 3678 1177 3732; x_wconf 89' lang='lat' dir='ltr'>ad</span> <span class='ocrx_word' id='word_1_426' title='bbox 1196 3688 1331 3746; x_wconf 85' lang='lat' dir='ltr'>aspectum</span> <span class='ocrx_word' id='word_1_427' title='bbox 1346 3690 1454 3735; x_wconf 84' lang='lat' dir='ltr'>sanctus</span> <span class='ocrx_word' id='word_1_428' title='bbox 1471 3674 1549 3735; x_wconf 82' lang='lat' dir='ltr'>babet</span> <span class='ocrx_word' id='word_1_429' title='bbox 1570 3695 1616 3735; x_wconf 88' lang='lat' dir='ltr'>ora</span> <span class='ocrx_word' id='word_1_430' title='bbox 1630 3697 1762 3751; x_wconf 89' lang='lat' dir='ltr'>repressa,</span> 
     </span>
     <span class='ocr_line' id='line_1_39' title="bbox 214 3770 1691 3849; baseline -0.004 -16"><span class='ocrx_word' id='word_1_431' title='bbox 214 3776 331 3849; x_wconf 78' lang='lat' dir='ltr'>Totaque</span> <span class='ocrx_word' id='word_1_432' title='bbox 347 3787 491 3846; x_wconf 88' lang='lat' dir='ltr'>tempestas</span> <span class='ocrx_word' id='word_1_433' title='bbox 507 3776 649 3845; x_wconf 86' lang='lat' dir='ltr'>tranquilla</span> <span class='ocrx_word' id='word_1_434' title='bbox 671 3773 777 3831; x_wconf 88' lang='lat' dir='ltr'>silentia</span> <span class='ocrx_word' id='word_1_435' title='bbox 802 3773 923 3840; x_wconf 83' lang='lat' dir='ltr'>sumpsit,</span> <span class='ocrx_word' id='word_1_436' title='bbox 1047 3770 1190 3840; x_wconf 81' lang='lat' dir='ltr'>limusque</span> <span class='ocrx_word' id='word_1_437' title='bbox 1201 3771 1280 3826; x_wconf 86' lang='lat' dir='ltr'>arrtbo</span> <span class='ocrx_word' id='word_1_438' title='bbox 1295 3771 1341 3826; x_wconf 91' lang='lat' dir='ltr'>diu</span> <span class='ocrx_word' id='word_1_439' title='bbox 1355 3781 1466 3828; x_wconf 87' lang='lat' dir='ltr'>tenuere</span> <span class='ocrx_word' id='word_1_440' title='bbox 1487 3772 1593 3827; x_wconf 86' lang='lat' dir='ltr'>silentia</span> <span class='ocrx_word' id='word_1_441' title='bbox 1609 3774 1691 3838; x_wconf 85' lang='lat' dir='ltr'>iastu;</span> 
     </span>
     <span class='ocr_line' id='line_1_40' title="bbox 215 3863 1762 3932; baseline -0.003 -10"><span class='ocrx_word' id='word_1_442' title='bbox 215 3871 328 3926; x_wconf 84' lang='lat' dir='ltr'>idroeat</span> <span class='ocrx_word' id='word_1_443' title='bbox 360 3884 394 3925; x_wconf 82' lang='lat' dir='ltr'>ea</span> <span class='ocrx_word' id='word_1_444' title='bbox 430 3866 568 3922; x_wconf 89' lang='lat' dir='ltr'>monacbis</span> <span class='ocrx_word' id='word_1_445' title='bbox 601 3865 743 3921; x_wconf 76' lang='lat' dir='ltr'>confestim</span> <span class='ocrx_word' id='word_1_446' title='bbox 787 3863 926 3920; x_wconf 76' lang='lat' dir='ltr'>Anatolius</span> <span class='ocrx_word' id='word_1_447' title='bbox 976 3863 1030 3917; x_wconf 72' lang='lat'>295</span> <span class='ocrx_word' id='word_1_448' title='bbox 1048 3863 1149 3918; x_wconf 84' lang='lat' dir='ltr'>iliraus</span> <span class='ocrx_word' id='word_1_449' title='bbox 1165 3864 1209 3917; x_wconf 92' lang='lat' dir='ltr'>ille</span> <span class='ocrx_word' id='word_1_450' title='bbox 1225 3865 1320 3928; x_wconf 85' lang='lat' dir='ltr'>rirmn,</span> <span class='ocrx_word' id='word_1_451' title='bbox 1336 3867 1399 3918; x_wconf 87' lang='lat' dir='ltr'>dum</span> <span class='ocrx_word' id='word_1_452' title='bbox 1415 3864 1528 3932; x_wconf 89' lang='lat' dir='ltr'>despicit</span> <span class='ocrx_word' id='word_1_453' title='bbox 1543 3865 1593 3919; x_wconf 88' lang='lat' dir='ltr'>iste</span> <span class='ocrx_word' id='word_1_454' title='bbox 1608 3867 1762 3932; x_wconf 89' lang='lat' dir='ltr'>superbum.</span> 
     </span>
    </p>

    <p class='ocr_par' dir='ltr' id='par_1_16' title="bbox 216 3955 1764 4119">
     <span class='ocr_line' id='line_1_41' title="bbox 822 3955 1764 4029; baseline -0.002 -18"><span class='ocrx_word' id='word_1_455' title='bbox 822 3956 924 4029; x_wconf 74' lang='lat' dir='ltr'>[unum</span> <span class='ocrx_word' id='word_1_456' title='bbox 1047 3955 1131 4020; x_wconf 82' lang='lat' dir='ltr'>Quem</span> <span class='ocrx_word' id='word_1_457' title='bbox 1159 3955 1231 4023; x_wconf 90' lang='lat' dir='ltr'>prior</span> <span class='ocrx_word' id='word_1_458' title='bbox 1262 3955 1406 4023; x_wconf 79' lang='lat' dir='ltr'>alloquitur</span> <span class='ocrx_word' id='word_1_459' title='bbox 1438 3970 1519 4020; x_wconf 90' lang='lat' dir='ltr'>rcus,</span> <span class='ocrx_word' id='word_1_460' title='bbox 1545 3964 1572 4009; x_wconf 86' lang='lat' dir='ltr'>et</span> <span class='ocrx_word' id='word_1_461' title='bbox 1607 3957 1764 4009; x_wconf 89' lang='lat' dir='ltr'>temerarius</span> 
     </span>
     <span class='ocr_line' id='line_1_42' title="bbox 216 4045 1764 4119; baseline -0.008 -10"><span class='ocrx_word' id='word_1_462' title='bbox 216 4053 337 4110; x_wconf 61' lang='lat' dir='ltr'>muninus</span> <span class='ocrx_word' id='word_1_463' title='bbox 365 4064 392 4109; x_wconf 87' lang='lat' dir='ltr'>et</span> <span class='ocrx_word' id='word_1_464' title='bbox 404 4056 518 4109; x_wconf 89' lang='lat' dir='ltr'>tunicam</span> <span class='ocrx_word' id='word_1_465' title='bbox 533 4060 649 4108; x_wconf 88' lang='lat' dir='ltr'>ostentat</span> <span class='ocrx_word' id='word_1_466' title='bbox 670 4049 814 4119; x_wconf 84' lang='lat' dir='ltr'>jactantior</span> <span class='ocrx_word' id='word_1_467' title='bbox 828 4047 926 4109; x_wconf 90' lang='lat' dir='ltr'>albam,</span> <span class='ocrx_word' id='word_1_468' title='bbox 1645 4045 1740 4117; x_wconf 71' lang='lat' dir='ltr'>{bostis</span> <span class='ocrx_word' id='word_1_469' title='bbox 1758 4067 1764 4100; x_wconf 88' lang='lat'><strong>:</strong></span> 
     </span>
    </p>

    <p class='ocr_par' dir='ltr' id='par_1_17' title="bbox 166 4132 1766 4579">
     <span class='ocr_line' id='line_1_43' title="bbox 166 4132 1766 4213; baseline -0.007 -13"><span class='ocrx_word' id='word_1_470' title='bbox 166 4132 259 4213; x_wconf 59' lang='lat' dir='ltr'>’iibri</span> <span class='ocrx_word' id='word_1_471' title='bbox 283 4161 369 4198; x_wconf 81' lang='lat' dir='ltr'>vacuo</span> <span class='ocrx_word' id='word_1_472' title='bbox 386 4144 501 4199; x_wconf 92' lang='lat' dir='ltr'>tumidus</span> <span class='ocrx_word' id='word_1_473' title='bbox 523 4142 591 4197; x_wconf 85' lang='lat' dir='ltr'>laiso</span> <span class='ocrx_word' id='word_1_474' title='bbox 616 4141 788 4196; x_wconf 88' lang='lat' dir='ltr'>umbrabatur</span> <span class='ocrx_word' id='word_1_475' title='bbox 814 4138 926 4200; x_wconf 82' lang='lat' dir='ltr'>lionorc,</span> <span class='ocrx_word' id='word_1_476' title='bbox 1049 4136 1114 4202; x_wconf 85' lang='lat' dir='ltr'>Quas</span> <span class='ocrx_word' id='word_1_477' title='bbox 1138 4135 1249 4202; x_wconf 85' lang='lat' dir='ltr'>dudum,</span> <span class='ocrx_word' id='word_1_478' title='bbox 1280 4135 1403 4202; x_wconf 79' lang='lat' dir='ltr'>Macrine,</span> <span class='ocrx_word' id='word_1_479' title='bbox 1423 4137 1496 4203; x_wconf 85' lang='lat' dir='ltr'>cupis</span> <span class='ocrx_word' id='word_1_480' title='bbox 1524 4145 1679 4204; x_wconf 89' lang='lat' dir='ltr'>penetrante</span> <span class='ocrx_word' id='word_1_481' title='bbox 1706 4152 1766 4203; x_wconf 88' lang='lat' dir='ltr'>pre·</span> 
     </span>
     <span class='ocr_line' id='line_1_44' title="bbox 216 4226 1766 4303; baseline -0.008 -13"><span class='ocrx_word' id='word_1_482' title='bbox 216 4236 344 4290; x_wconf 76' lang='lat' dir='ltr'>Candidus</span> <span class='ocrx_word' id='word_1_483' title='bbox 357 4236 471 4300; x_wconf 74' lang='lat' dir='ltr'>exrrriiS,</span> <span class='ocrx_word' id='word_1_484' title='bbox 487 4235 534 4289; x_wconf 89' lang='lat' dir='ltr'>sed</span> <span class='ocrx_word' id='word_1_485' title='bbox 550 4234 617 4303; x_wconf 85' lang='lat' dir='ltr'>nigri</span> <span class='ocrx_word' id='word_1_486' title='bbox 636 4233 766 4286; x_wconf 78' lang='lat' dir='ltr'>daemonis</span> <span class='ocrx_word' id='word_1_487' title='bbox 788 4241 855 4286; x_wconf 89' lang='lat' dir='ltr'>arte.</span> <span class='ocrx_word' id='word_1_488' title='bbox 1684 4226 1766 4298; x_wconf 71' lang='lat' dir='ltr'>[cutm</span> 
     </span>
     <span class='ocr_line' id='line_1_45' title="bbox 216 4313 1765 4392; baseline -0.005 -15"><span class='ocrx_word' id='word_1_489' title='bbox 216 4324 273 4381; x_wconf 88' lang='lat' dir='ltr'>inde</span> <span class='ocrx_word' id='word_1_490' title='bbox 287 4327 341 4381; x_wconf 89' lang='lat' dir='ltr'>ciet</span> <span class='ocrx_word' id='word_1_491' title='bbox 355 4325 480 4392; x_wconf 81' lang='lat' dir='ltr'>reliquos,</span> <span class='ocrx_word' id='word_1_492' title='bbox 496 4324 613 4380; x_wconf 87' lang='lat' dir='ltr'>occurrit</span> <span class='ocrx_word' id='word_1_493' title='bbox 628 4323 723 4376; x_wconf 81' lang='lat' dir='ltr'>Clarus</span> <span class='ocrx_word' id='word_1_494' title='bbox 747 4322 856 4389; x_wconf 89' lang='lat' dir='ltr'>etipse,</span> <span class='ocrx_word' id='word_1_495' title='bbox 1050 4316 1107 4371; x_wconf 84' lang='lat' dir='ltr'>iam</span> <span class='ocrx_word' id='word_1_496' title='bbox 1123 4317 1162 4384; x_wconf 90' lang='lat' dir='ltr'>pia</span> <span class='ocrx_word' id='word_1_497' title='bbox 1176 4324 1235 4370; x_wconf 82' lang='lat' dir='ltr'>rota</span> <span class='ocrx_word' id='word_1_498' title='bbox 1245 4327 1320 4371; x_wconf 90' lang='lat' dir='ltr'>tenes</span> <span class='ocrx_word' id='word_1_499' title='bbox 1336 4335 1341 4368; x_wconf 95' lang='lat'>:</span> <span class='ocrx_word' id='word_1_500' title='bbox 1354 4331 1403 4385; x_wconf 90' lang='lat' dir='ltr'>ego</span> <span class='ocrx_word' id='word_1_501' title='bbox 1410 4331 1467 4370; x_wconf 88' lang='lat' dir='ltr'>sum</span> <span class='ocrx_word' id='word_1_502' title='bbox 1482 4321 1526 4370; x_wconf 88' lang='lat' dir='ltr'>tua</span> <span class='ocrx_word' id='word_1_503' title='bbox 1537 4313 1620 4386; x_wconf 87' lang='lat' dir='ltr'>gioria</span> <span class='ocrx_word' id='word_1_504' title='bbox 1633 4314 1765 4384; x_wconf 85' lang='lat' dir='ltr'>Ciuisms,</span> 
     </span>
     <span class='ocr_line' id='line_1_46' title="bbox 217 4409 1693 4498; baseline -0.007 -27"><span class='ocrx_word' id='word_1_505' title='bbox 217 4415 304 4489; x_wconf 84' lang='lat' dir='ltr'>Palpat</span> <span class='ocrx_word' id='word_1_506' title='bbox 319 4417 460 4471; x_wconf 88' lang='lat' dir='ltr'>mollitiem</span> <span class='ocrx_word' id='word_1_507' title='bbox 473 4418 554 4470; x_wconf 80' lang='lat' dir='ltr'>restis</span> <span class='ocrx_word' id='word_1_508' title='bbox 569 4414 686 4469; x_wconf 88' lang='lat' dir='ltr'>candore</span> <span class='ocrx_word' id='word_1_509' title='bbox 709 4412 802 4476; x_wconf 84' lang='lat' dir='ltr'>niuali,</span> <span class='ocrx_word' id='word_1_510' title='bbox 943 4438 969 4498; x_wconf 71' lang='lat' dir='ltr'>D</span> <span class='ocrx_word' id='word_1_511' title='bbox 1053 4412 1142 4478; x_wconf 77' lang='lat' dir='ltr'>Exigis</span> <span class='ocrx_word' id='word_1_512' title='bbox 1156 4420 1183 4464; x_wconf 88' lang='lat' dir='ltr'>ut</span> <span class='ocrx_word' id='word_1_513' title='bbox 1196 4412 1300 4466; x_wconf 81' lang='lat' dir='ltr'>verrium</span> <span class='ocrx_word' id='word_1_514' title='bbox 1315 4411 1416 4464; x_wconf 87' lang='lat' dir='ltr'>validos</span> <span class='ocrx_word' id='word_1_515' title='bbox 1432 4424 1554 4464; x_wconf 87' lang='lat' dir='ltr'>recreare</span> <span class='ocrx_word' id='word_1_516' title='bbox 1577 4409 1693 4474; x_wconf 84' lang='lat' dir='ltr'>labores,</span> 
     </span>
     <span class='ocr_line' id='line_1_47' title="bbox 214 4498 1642 4579; baseline -0.01 -13"><span class='ocrx_word' id='word_1_517' title='bbox 214 4511 302 4568; x_wconf 85' lang='lat' dir='ltr'>Serica</span> <span class='ocrx_word' id='word_1_518' title='bbox 312 4511 469 4579; x_wconf 81' lang='lat' dir='ltr'>contingunt</span> <span class='ocrx_word' id='word_1_519' title='bbox 484 4517 592 4562; x_wconf 83' lang='lat' dir='ltr'>terruato</span> <span class='ocrx_word' id='word_1_520' title='bbox 605 4507 718 4560; x_wconf 88' lang='lat' dir='ltr'>stamina</span> <span class='ocrx_word' id='word_1_521' title='bbox 732 4503 787 4571; x_wconf 85' lang='lat' dir='ltr'>illo,</span> <span class='ocrx_word' id='word_1_522' title='bbox 887 4562 893 4569; x_wconf 62' lang='grc'>,</span> <span class='ocrx_word' id='word_1_523' title='bbox 981 4504 1033 4559; x_wconf 78' lang='lat' dir='ltr'>suo</span> <span class='ocrx_word' id='word_1_524' title='bbox 1053 4503 1086 4558; x_wconf 85' lang='lat' dir='ltr'>Et</span> <span class='ocrx_word' id='word_1_525' title='bbox 1097 4502 1189 4558; x_wconf 87' lang='lat' dir='ltr'>sudata</span> <span class='ocrx_word' id='word_1_526' title='bbox 1204 4501 1257 4555; x_wconf 87' lang='lat' dir='ltr'>luis</span> <span class='ocrx_word' id='word_1_527' title='bbox 1275 4512 1302 4554; x_wconf 89' lang='lat' dir='ltr'>ut</span> <span class='ocrx_word' id='word_1_528' title='bbox 1317 4501 1387 4556; x_wconf 87' lang='lat' dir='ltr'>soler</span> <span class='ocrx_word' id='word_1_529' title='bbox 1402 4500 1471 4554; x_wconf 91' lang='lat' dir='ltr'>bella</span> <span class='ocrx_word' id='word_1_530' title='bbox 1483 4498 1642 4567; x_wconf 86' lang='lat' dir='ltr'>triumphisl</span> 
     </span>
    </p>
   </div>
   <div class='ocr_carea' id='block_1_3' title="bbox 139 4632 1687 4800">
    <p class='ocr_par' dir='ltr' id='par_1_18' title="bbox 139 4632 1687 4800">
     <span class='ocr_line' id='line_1_48' title="bbox 181 4632 1687 4730; baseline -0.017 -10"><span class='ocrx_word' id='word_1_531' title='bbox 181 4664 240 4721; x_wconf 55' lang='grc' dir='ltr'>Ἃ.</span> <span class='ocrx_word' id='word_1_532' title='bbox 261 4665 311 4719; x_wconf 81' lang='lat' dir='ltr'>tlte</span> <span class='ocrx_word' id='word_1_533' title='bbox 322 4663 417 4720; x_wconf 84' lang='lat' dir='ltr'>Clarus</span> <span class='ocrx_word' id='word_1_534' title='bbox 430 4678 443 4714; x_wconf 89' lang='lat' dir='ltr'>a</span> <span class='ocrx_word' id='word_1_535' title='bbox 457 4660 577 4730; x_wconf 82' lang='lat' dir='ltr'>Sulpicio</span> <span class='ocrx_word' id='word_1_536' title='bbox 592 4657 708 4713; x_wconf 81' lang='lat' dir='ltr'>refertur</span> <span class='ocrx_word' id='word_1_537' title='bbox 731 4634 928 4712; x_wconf 77' lang='lat' dir='ltr'>nobilissimos</span> <span class='ocrx_word' id='word_1_538' title='bbox 1013 4639 1078 4724; x_wconf 53' lang='lat'><strong>2¹39·</strong></span> <span class='ocrx_word' id='word_1_539' title='bbox 1099 4641 1148 4695; x_wconf 68' lang='lat' dir='ltr'>Ed·</span> <span class='ocrx_word' id='word_1_540' title='bbox 1167 4637 1231 4692; x_wconf 69' lang='lat' dir='ltr'>vess-</span> <span class='ocrx_word' id='word_1_541' title='bbox 1249 4637 1275 4689; x_wconf 61' lang='lat'>5¹¹</span> <span class='ocrx_word' id='word_1_542' title='bbox 1293 4635 1361 4717; x_wconf 59' lang='lat' dir='ltr'><strong>Yen·</strong></span> <span class='ocrx_word' id='word_1_543' title='bbox 1378 4634 1461 4694; x_wconf 58' lang='lat' dir='ltr'>Edu-2</span> <span class='ocrx_word' id='word_1_544' title='bbox 1478 4651 1556 4715; x_wconf 63' lang='lat' dir='ltr'>madii</span> <span class='ocrx_word' id='word_1_545' title='bbox 1572 4632 1660 4688; x_wconf 65' lang='grc' dir='ltr'>ἅῧδδθῖι</span> <span class='ocrx_word' id='word_1_546' title='bbox 1668 4634 1687 4684; x_wconf 72' lang='lat'>1&#39;·</span> 
     </span>
     <span class='ocr_line' id='line_1_49' title="bbox 139 4707 1566 4800; baseline -0.016 -11"><span class='ocrx_word' id='word_1_547' title='bbox 139 4727 238 4790; x_wconf 60' lang='lat' dir='ltr'>‘Quare</span> <span class='ocrx_word' id='word_1_548' title='bbox 251 4736 344 4799; x_wconf 79' lang='lat' dir='ltr'>luisse,</span> <span class='ocrx_word' id='word_1_549' title='bbox 360 4748 420 4800; x_wconf 88' lang='lat' dir='ltr'>cap.</span> <span class='ocrx_word' id='word_1_550' title='bbox 434 4728 470 4784; x_wconf 66' lang='lat'>25</span> <span class='ocrx_word' id='word_1_551' title='bbox 486 4731 551 4784; x_wconf 74' lang='lat' dir='ltr'>Tarae</span> <span class='ocrx_word' id='word_1_552' title='bbox 564 4730 591 4785; x_wconf 87' lang='lat' dir='ltr'>S.</span> <span class='ocrx_word' id='word_1_553' title='bbox 616 4726 721 4783; x_wconf 82' lang='lat' dir='ltr'>Martini</span> <span class='ocrx_word' id='word_1_554' title='bbox 732 4744 739 4791; x_wconf 86' lang='lat'>;</span> <span class='ocrx_word' id='word_1_555' title='bbox 752 4727 826 4796; x_wconf 80' lang='lat' dir='ltr'>isque</span> <span class='ocrx_word' id='word_1_556' title='bbox 839 4737 929 4795; x_wconf 85' lang='lat' dir='ltr'>postea</span> <span class='ocrx_word' id='word_1_557' title='bbox 1015 4712 1080 4763; x_wconf 54' lang='grc' dir='ltr'>Μ·</span> <span class='ocrx_word' id='word_1_558' title='bbox 1103 4713 1151 4764; x_wconf 70' lang='lat' dir='ltr'>Ed·</span> <span class='ocrx_word' id='word_1_559' title='bbox 1166 4707 1243 4772; x_wconf 54' lang='lat' dir='ltr'>Veia</span> <span class='ocrx_word' id='word_1_560' title='bbox 1259 4714 1281 4759; x_wconf 67' lang='lat'>‘⁶</span> <span class='ocrx_word' id='word_1_561' title='bbox 1292 4723 1348 4772; x_wconf 63' lang='lat' dir='ltr'>illm</span> <span class='ocrx_word' id='word_1_562' title='bbox 1367 4715 1467 4769; x_wconf 65' lang='lat' dir='ltr'>‘lilla‘</span> <span class='ocrx_word' id='word_1_563' title='bbox 1487 4722 1566 4775; x_wconf 68' lang='lat' dir='ltr'>eduis·</span> 
     </span>
    </p>
   </div>
   <div class='ocr_carea' id='block_1_4' title="bbox 135 4776 1531 4928">
    <p class='ocr_par' dir='ltr' id='par_1_19' title="bbox 135 4776 1531 4928">
     <span class='ocr_line' id='line_1_50' title="bbox 136 4776 1447 4861; baseline -0.011 -2"><span class='ocrx_word' id='word_1_564' title='bbox 136 4795 268 4861; x_wconf 52' lang='lat' dir='ltr'>”serdus</span> <span class='ocrx_word' id='word_1_565' title='bbox 292 4806 410 4861; x_wconf 84' lang='lat' dir='ltr'>initiatus</span> <span class='ocrx_word' id='word_1_566' title='bbox 433 4801 556 4856; x_wconf 90' lang='lat' dir='ltr'>omnibus</span> <span class='ocrx_word' id='word_1_567' title='bbox 569 4800 698 4855; x_wconf 85' lang='lat' dir='ltr'>vitutibus</span> <span class='ocrx_word' id='word_1_568' title='bbox 724 4799 751 4851; x_wconf 93' lang='lat' dir='ltr'>in</span> <span class='ocrx_word' id='word_1_569' title='bbox 767 4796 930 4852; x_wconf 89' lang='lat' dir='ltr'>munasterio</span> <span class='ocrx_word' id='word_1_570' title='bbox 1015 4782 1079 4834; x_wconf 68' lang='lat'>²7²·</span> <span class='ocrx_word' id='word_1_571' title='bbox 1100 4781 1164 4834; x_wconf 71' lang='lat'><strong>⁶⁰¹¹·</strong></span> <span class='ocrx_word' id='word_1_572' title='bbox 1175 4778 1234 4831; x_wconf 59' lang='lat' dir='ltr'>Vil-</span> <span class='ocrx_word' id='word_1_573' title='bbox 1245 4784 1364 4859; x_wconf 53' lang='grc' dir='ltr'>(ΨΜ</span> <span class='ocrx_word' id='word_1_574' title='bbox 1378 4776 1447 4828; x_wconf 62' lang='grc' dir='ltr'>ΟΜΝ·</span> 
     </span>
     <span class='ocr_line' id='line_1_51' title="bbox 135 4846 1531 4928; baseline -0.014 -12"><span class='ocrx_word' id='word_1_575' title='bbox 135 4865 247 4928; x_wconf 56' lang='lat' dir='ltr'>eisitan,</span> <span class='ocrx_word' id='word_1_576' title='bbox 1014 4853 1077 4905; x_wconf 65' lang='lat'><strong>280.</strong></span> <span class='ocrx_word' id='word_1_577' title='bbox 1099 4851 1148 4903; x_wconf 78' lang='lat' dir='ltr'>ild.</span> <span class='ocrx_word' id='word_1_578' title='bbox 1166 4851 1244 4911; x_wconf 81' lang='lat' dir='ltr'>ven,</span> <span class='ocrx_word' id='word_1_579' title='bbox 1261 4846 1428 4917; x_wconf 79' lang='lat' dir='ltr'>iltdeperrero</span> <span class='ocrx_word' id='word_1_580' title='bbox 1439 4846 1531 4898; x_wconf 81' lang='lat' dir='ltr'>ardrie.</span> 
     </span>
    </p>
   </div>
   <div class='ocr_carea' id='block_1_5' title="bbox 129 4896 1779 5144">
    <p class='ocr_par' dir='ltr' id='par_1_20' title="bbox 129 4896 1779 5144">
     <span class='ocr_line' id='line_1_52' title="bbox 129 4896 1779 5009; baseline -0.019 -13"><span class='ocrx_word' id='word_1_581' title='bbox 129 4985 140 5001; x_wconf 87' lang='lat'>,</span> <span class='ocrx_word' id='word_1_582' title='bbox 175 4943 238 5002; x_wconf 58' lang='lat'>225.</span> <span class='ocrx_word' id='word_1_583' title='bbox 260 4945 318 5000; x_wconf 80' lang='lat' dir='ltr'>Non</span> <span class='ocrx_word' id='word_1_584' title='bbox 342 4944 421 5009; x_wconf 81' lang='lat' dir='ltr'>longe</span> <span class='ocrx_word' id='word_1_585' title='bbox 435 4942 537 4996; x_wconf 76' lang='lat' dir='ltr'>scilicet</span> <span class='ocrx_word' id='word_1_586' title='bbox 561 4953 575 4991; x_wconf 86' lang='lat' dir='ltr'>a</span> <span class='ocrx_word' id='word_1_587' title='bbox 590 4937 693 4992; x_wconf 76' lang='lat' dir='ltr'>Martini</span> <span class='ocrx_word' id='word_1_588' title='bbox 709 4935 874 4990; x_wconf 76' lang='lat' dir='ltr'>monasterio</span> <span class='ocrx_word' id='word_1_589' title='bbox 891 4934 932 5001; x_wconf 73' lang='lat' dir='ltr'>(nt</span> <span class='ocrx_word' id='word_1_590' title='bbox 1015 4921 1085 5003; x_wconf 30' lang='lat'>283..</span> <span class='ocrx_word' id='word_1_591' title='bbox 1099 4917 1232 5000; x_wconf 72' lang='lat' dir='ltr'>Sulpicius</span> <span class='ocrx_word' id='word_1_592' title='bbox 1246 4927 1336 4971; x_wconf 84' lang='lat' dir='ltr'>rrarrst</span> <span class='ocrx_word' id='word_1_593' title='bbox 1350 4931 1375 4995; x_wconf 84' lang='lat' dir='ltr'>o.</span> <span class='ocrx_word' id='word_1_594' title='bbox 1387 4916 1422 4997; x_wconf 59' lang='lat'>26</span> <span class='ocrx_word' id='word_1_595' title='bbox 1432 4918 1564 4969; x_wconf 82' lang='lat' dir='ltr'>durltnlnm</span> <span class='ocrx_word' id='word_1_596' title='bbox 1577 4916 1625 4968; x_wconf 87' lang='lat' dir='ltr'>itae</span> <span class='ocrx_word' id='word_1_597' title='bbox 1639 4928 1667 4967; x_wconf 88' lang='lat' dir='ltr'>so</span> <span class='ocrx_word' id='word_1_598' title='bbox 1682 4896 1779 4995; x_wconf 26' lang='lat' dir='ltr'>leirena*</span> 
     </span>
     <span class='ocr_line' id='line_1_53' title="bbox 129 4985 1767 5081; baseline -0.023 -11"><span class='ocrx_word' id='word_1_599' title='bbox 129 4991 238 5069; x_wconf 53' lang='lat' dir='ltr'>&#39;hidem</span> <span class='ocrx_word' id='word_1_600' title='bbox 264 5023 357 5068; x_wconf 85' lang='lat' dir='ltr'>narrat</span> <span class='ocrx_word' id='word_1_601' title='bbox 384 5011 527 5081; x_wconf 88' lang='lat' dir='ltr'>Sulpicius)</span> <span class='ocrx_word' id='word_1_602' title='bbox 543 5008 746 5063; x_wconf 86' lang='lat' dir='ltr'>tabernaculum</span> <span class='ocrx_word' id='word_1_603' title='bbox 761 5021 850 5070; x_wconf 81' lang='lat' dir='ltr'>suram,</span> <span class='ocrx_word' id='word_1_604' title='bbox 874 5007 931 5059; x_wconf 85' lang='lat' dir='ltr'>sive</span> <span class='ocrx_word' id='word_1_605' title='bbox 981 4994 1132 5078; x_wconf 71' lang='lat' dir='ltr'>ostendisse</span> <span class='ocrx_word' id='word_1_606' title='bbox 1147 4989 1345 5070; x_wconf 64' lang='lat' dir='ltr'>plurrimorum</span> <span class='ocrx_word' id='word_1_607' title='bbox 1362 5003 1383 5041; x_wconf 84' lang='lat' dir='ltr'>rs</span> <span class='ocrx_word' id='word_1_608' title='bbox 1395 5002 1420 5039; x_wconf 87' lang='grc' dir='ltr'>ιιι</span> <span class='ocrx_word' id='word_1_609' title='bbox 1435 4988 1528 5040; x_wconf 76' lang='lat' dir='ltr'>cellula</span> <span class='ocrx_word' id='word_1_610' title='bbox 1542 4993 1641 5039; x_wconf 81' lang='lat' dir='ltr'>oraret.</span> <span class='ocrx_word' id='word_1_611' title='bbox 1654 4985 1767 5052; x_wconf 73' lang='lat' dir='ltr'>Aggerra</span> 
     </span>
     <span class='ocr_line' id='line_1_54' title="bbox 129 5056 1767 5144; baseline -0.021 -10"><span class='ocrx_word' id='word_1_612' title='bbox 129 5074 235 5138; x_wconf 66' lang='lat' dir='ltr'>e‘llam</span> <span class='ocrx_word' id='word_1_613' title='bbox 255 5084 353 5140; x_wconf 82' lang='lat' dir='ltr'>Clarus</span> <span class='ocrx_word' id='word_1_614' title='bbox 380 5087 571 5144; x_wconf 82' lang='lat' dir='ltr'>coristituerat;</span> <span class='ocrx_word' id='word_1_615' title='bbox 593 5078 662 5144; x_wconf 77' lang='lat' dir='ltr'>quod</span> <span class='ocrx_word' id='word_1_616' title='bbox 687 5078 742 5131; x_wconf 85' lang='lat' dir='ltr'>iere</span> <span class='ocrx_word' id='word_1_617' title='bbox 768 5077 849 5128; x_wconf 78' lang='lat' dir='ltr'>nroris</span> <span class='ocrx_word' id='word_1_618' title='bbox 874 5086 931 5128; x_wconf 74' lang='lat' dir='ltr'>erar</span> <span class='ocrx_word' id='word_1_619' title='bbox 982 5075 1071 5130; x_wconf 79' lang='lat' dir='ltr'>rtanue</span> <span class='ocrx_word' id='word_1_620' title='bbox 1085 5076 1193 5114; x_wconf 90' lang='lat' dir='ltr'>nounne</span> <span class='ocrx_word' id='word_1_621' title='bbox 1207 5068 1278 5112; x_wconf 79' lang='lat' dir='ltr'>verrit</span> <span class='ocrx_word' id='word_1_622' title='bbox 1299 5056 1368 5110; x_wconf 87' lang='lat' dir='ltr'>iortc</span> <span class='ocrx_word' id='word_1_623' title='bbox 1382 5067 1489 5125; x_wconf 80' lang='lat' dir='ltr'>aggesta</span> <span class='ocrx_word' id='word_1_624' title='bbox 1504 5057 1609 5120; x_wconf 84' lang='lat' dir='ltr'>brunus,</span> <span class='ocrx_word' id='word_1_625' title='bbox 1626 5056 1667 5106; x_wconf 83' lang='lat' dir='ltr'>rel</span> <span class='ocrx_word' id='word_1_626' title='bbox 1682 5058 1767 5120; x_wconf 73' lang='lat' dir='ltr'>pratea,</span> 
     </span>
    </p>
   </div>
   <div class='ocr_carea' id='block_1_6' title="bbox 130 5130 1769 5292">
    <p class='ocr_par' dir='ltr' id='par_1_21' title="bbox 130 5130 1769 5292">
     <span class='ocr_line' id='line_1_55' title="bbox 130 5130 1740 5215; baseline -0.025 -5"><span class='ocrx_word' id='word_1_627' title='bbox 130 5142 279 5209; x_wconf 63' lang='lat' dir='ltr'>&#39;turibus</span> <span class='ocrx_word' id='word_1_628' title='bbox 306 5153 487 5215; x_wconf 87' lang='lat' dir='ltr'>monasteriis,</span> <span class='ocrx_word' id='word_1_629' title='bbox 512 5160 539 5202; x_wconf 94' lang='lat' dir='ltr'>ut</span> <span class='ocrx_word' id='word_1_630' title='bbox 553 5148 628 5202; x_wconf 89' lang='lat' dir='ltr'>cellis</span> <span class='ocrx_word' id='word_1_631' title='bbox 657 5147 706 5202; x_wconf 89' lang='lat' dir='ltr'>bac</span> <span class='ocrx_word' id='word_1_632' title='bbox 720 5148 779 5200; x_wconf 90' lang='lat' dir='ltr'>illac</span> <span class='ocrx_word' id='word_1_633' title='bbox 802 5145 930 5213; x_wconf 88' lang='lat' dir='ltr'>dispersis</span> <span class='ocrx_word' id='word_1_634' title='bbox 981 5130 1472 5210; x_wconf 75' lang='lat' dir='ltr'>sartuerouamstratusprecabatur.¹</span> <span class='ocrx_word' id='word_1_635' title='bbox 1560 5195 1565 5205; x_wconf 23' lang='grc' dir='ltr'><em>υ</em></span> <span class='ocrx_word' id='word_1_636' title='bbox 1734 5191 1740 5201; x_wconf 35' lang='grc'><strong>’</strong></span> 
     </span>
     <span class='ocr_line' id='line_1_56' title="bbox 130 5191 1769 5292; baseline -0.023 -15"><span class='ocrx_word' id='word_1_637' title='bbox 130 5215 344 5289; x_wconf 55' lang='lat' dir='ltr'>eQalescercnn</span> <span class='ocrx_word' id='word_1_638' title='bbox 370 5224 407 5276; x_wconf 88' lang='lat' dir='ltr'>uti</span> <span class='ocrx_word' id='word_1_639' title='bbox 423 5223 520 5292; x_wconf 89' lang='lat' dir='ltr'>legitur</span> <span class='ocrx_word' id='word_1_640' title='bbox 542 5221 566 5271; x_wconf 91' lang='lat' dir='ltr'>in</span> <span class='ocrx_word' id='word_1_641' title='bbox 595 5218 651 5272; x_wconf 80' lang='lat' dir='ltr'>Vita</span> <span class='ocrx_word' id='word_1_642' title='bbox 666 5218 696 5271; x_wconf 65' lang='lat' dir='ltr'>S·</span> <span class='ocrx_word' id='word_1_643' title='bbox 713 5215 829 5278; x_wconf 75' lang='lat' dir='ltr'>Antonii,</span> <span class='ocrx_word' id='word_1_644' title='bbox 845 5230 869 5268; x_wconf 88' lang='lat' dir='ltr'>e.</span> <span class='ocrx_word' id='word_1_645' title='bbox 887 5215 929 5280; x_wconf 90' lang='lat' dir='ltr'>lo,</span> <span class='ocrx_word' id='word_1_646' title='bbox 1016 5205 1080 5260; x_wconf 74' lang='lat'><strong>286.</strong></span> <span class='ocrx_word' id='word_1_647' title='bbox 1093 5203 1121 5257; x_wconf 91' lang='lat' dir='ltr'>in</span> <span class='ocrx_word' id='word_1_648' title='bbox 1136 5202 1248 5269; x_wconf 80' lang='lat' dir='ltr'>uulgatus</span> <span class='ocrx_word' id='word_1_649' title='bbox 1262 5200 1347 5260; x_wconf 81' lang='lat' dir='ltr'>libris,</span> <span class='ocrx_word' id='word_1_650' title='bbox 1361 5200 1502 5249; x_wconf 85' lang='lat' dir='ltr'>rodroatrm</span> <span class='ocrx_word' id='word_1_651' title='bbox 1517 5195 1610 5263; x_wconf 77' lang='lat' dir='ltr'>legitur</span> <span class='ocrx_word' id='word_1_652' title='bbox 1622 5207 1669 5259; x_wconf 92' lang='lat' dir='ltr'>pro</span> <span class='ocrx_word' id='word_1_653' title='bbox 1683 5191 1769 5243; x_wconf 83' lang='lat' dir='ltr'>rodru-</span> 
     </span>
    </p>
   </div>
   <div class='ocr_carea' id='block_1_7' title="bbox 134 5265 1770 5500">
    <p class='ocr_par' dir='ltr' id='par_1_22' title="bbox 134 5265 1770 5500">
     <span class='ocr_line' id='line_1_57' title="bbox 134 5265 1770 5360; baseline -0.025 -9"><span class='ocrx_word' id='word_1_654' title='bbox 134 5284 170 5335; x_wconf 73' lang='lat'>&#39;¹·</span> <span class='ocrx_word' id='word_1_655' title='bbox 185 5292 229 5360; x_wconf 76' lang='lat'>58,</span> <span class='ocrx_word' id='word_1_656' title='bbox 239 5303 312 5348; x_wconf 85' lang='lat' dir='ltr'>eruat</span> <span class='ocrx_word' id='word_1_657' title='bbox 328 5297 355 5347; x_wconf 88' lang='lat' dir='ltr'>in</span> <span class='ocrx_word' id='word_1_658' title='bbox 376 5302 458 5346; x_wconf 85' lang='lat' dir='ltr'>ururrte</span> <span class='ocrx_word' id='word_1_659' title='bbox 474 5290 771 5355; x_wconf 78' lang='lat' dir='ltr'>monosteriu,·teupuurrr</span> <span class='ocrx_word' id='word_1_660' title='bbox 785 5285 933 5339; x_wconf 81' lang='lat' dir='ltr'>tubernacu-</span> <span class='ocrx_word' id='word_1_661' title='bbox 983 5280 1045 5334; x_wconf 83' lang='lat' dir='ltr'>tilis.</span> <span class='ocrx_word' id='word_1_662' title='bbox 1057 5276 1119 5329; x_wconf 85' lang='lat' dir='ltr'>iiaec</span> <span class='ocrx_word' id='word_1_663' title='bbox 1142 5284 1275 5354; x_wconf 78' lang='lat' dir='ltr'>perstremu</span> <span class='ocrx_word' id='word_1_664' title='bbox 1300 5268 1381 5349; x_wconf 66' lang='lat' dir='ltr'>distin</span> <span class='ocrx_word' id='word_1_665' title='bbox 1396 5265 1545 5347; x_wconf 67' lang='lat' dir='ltr'>¹lucidioris</span> <span class='ocrx_word' id='word_1_666' title='bbox 1562 5265 1715 5343; x_wconf 67' lang='lat' dir='ltr'>Fortunam,</span> <span class='ocrx_word' id='word_1_667' title='bbox 1730 5271 1770 5341; x_wconf 67' lang='lat' dir='ltr'>¹ut</span> 
     </span>
     <span class='ocr_line' id='line_1_58' title="bbox 136 5332 1768 5434; baseline -0.023 -15"><span class='ocrx_word' id='word_1_668' title='bbox 136 5342 169 5403; x_wconf 62' lang='grc' dir='ltr'>ι·</span> <span class='ocrx_word' id='word_1_669' title='bbox 198 5366 297 5434; x_wconf 80' lang='lat' dir='ltr'>:gund</span> <span class='ocrx_word' id='word_1_670' title='bbox 322 5358 628 5428; x_wconf 80' lang='lat' dir='ltr'>itemdealiisAEgypti</span> <span class='ocrx_word' id='word_1_671' title='bbox 654 5357 820 5411; x_wconf 85' lang='lat' dir='ltr'>rrrorrusteriis·</span> <span class='ocrx_word' id='word_1_672' title='bbox 850 5356 932 5409; x_wconf 80' lang='lat' dir='ltr'>l&#39;nisse</span> <span class='ocrx_word' id='word_1_673' title='bbox 983 5349 1169 5432; x_wconf 79' lang='lat' dir='ltr'>animaduertit</span> <span class='ocrx_word' id='word_1_674' title='bbox 1199 5343 1300 5404; x_wconf 72' lang='lat' dir='ltr'>briam,</span> <span class='ocrx_word' id='word_1_675' title='bbox 1325 5346 1401 5390; x_wconf 89' lang='lat' dir='ltr'>sreutr</span> <span class='ocrx_word' id='word_1_676' title='bbox 1428 5345 1454 5388; x_wconf 87' lang='lat' dir='ltr'>et</span> <span class='ocrx_word' id='word_1_677' title='bbox 1485 5332 1650 5403; x_wconf 80' lang='lat' dir='ltr'>iprrupltotdrs,</span> <span class='ocrx_word' id='word_1_678' title='bbox 1683 5334 1768 5401; x_wconf 76' lang='lat' dir='ltr'>{urre-</span> 
     </span>
     <span class='ocr_line' id='line_1_59' title="bbox 139 5411 1112 5500; baseline -0.02 -11"><span class='ocrx_word' id='word_1_679' title='bbox 139 5411 239 5497; x_wconf 52' lang='lat' dir='ltr'>¹⁸titur</span> <span class='ocrx_word' id='word_1_680' title='bbox 262 5435 332 5500; x_wconf 89' lang='lat' dir='ltr'>apud</span> <span class='ocrx_word' id='word_1_681' title='bbox 361 5433 444 5496; x_wconf 67' lang='lat' dir='ltr'>ilis-r„</span> <span class='ocrx_word' id='word_1_682' title='bbox 458 5431 569 5498; x_wconf 88' lang='lat' dir='ltr'>epistola</span> <span class='ocrx_word' id='word_1_683' title='bbox 588 5428 647 5491; x_wconf 74' lang='lat' dir='ltr'>tos,</span> <span class='ocrx_word' id='word_1_684' title='bbox 661 5443 721 5495; x_wconf 79' lang='lat' dir='ltr'>nure</span> <span class='ocrx_word' id='word_1_685' title='bbox 743 5434 785 5479; x_wconf 87' lang='lat' dir='ltr'>est</span> <span class='ocrx_word' id='word_1_686' title='bbox 801 5424 890 5494; x_wconf 64' lang='lat' dir='ltr'>praei„</span> <span class='ocrx_word' id='word_1_687' title='bbox 905 5425 931 5478; x_wconf 92' lang='lat' dir='ltr'>in</span> <span class='ocrx_word' id='word_1_688' title='bbox 983 5423 1044 5482; x_wconf 80' lang='lat' dir='ltr'>tilis,</span> <span class='ocrx_word' id='word_1_689' title='bbox 1060 5426 1112 5470; x_wconf 87' lang='lat' dir='ltr'>etc.</span> 
     </span>
    </p>
   </div>
   <div class='ocr_carea' id='block_1_8' title="bbox 147 5474 1704 5628">
    <p class='ocr_par' dir='ltr' id='par_1_23' title="bbox 147 5474 1704 5628">
     <span class='ocr_line' id='line_1_60' title="bbox 147 5474 1628 5572; baseline -0.019 -20"><span class='ocrx_word' id='word_1_690' title='bbox 147 5495 347 5558; x_wconf 67' lang='grc' dir='ltr'>ιῐιιιεΙιιίιιιιιιιιι</span> <span class='ocrx_word' id='word_1_691' title='bbox 375 5504 527 5572; x_wconf 89' lang='lat' dir='ltr'>regularum</span> <span class='ocrx_word' id='word_1_692' title='bbox 552 5498 600 5554; x_wconf 85' lang='lat' dir='ltr'>SS.</span> <span class='ocrx_word' id='word_1_693' title='bbox 618 5497 763 5562; x_wconf 75' lang='lat' dir='ltr'>i‘aclrumii,</span> <span class='ocrx_word' id='word_1_694' title='bbox 787 5495 930 5561; x_wconf 76' lang='lat' dir='ltr'>&#39;l&#39;lrcodori,</span> <span class='ocrx_word' id='word_1_695' title='bbox 1018 5491 1081 5546; x_wconf 71' lang='grc'><strong>290.</strong></span> <span class='ocrx_word' id='word_1_696' title='bbox 1104 5482 1265 5568; x_wconf 68' lang='lat' dir='ltr'>Edicilen,</span> <span class='ocrx_word' id='word_1_697' title='bbox 1280 5474 1628 5565; x_wconf 72' lang='lat' dir='ltr'>aremorosoiacecoruacm.</span> 
     </span>
     <span class='ocr_line' id='line_1_61' title="bbox 153 5546 1704 5628; baseline -0.021 -1"><span class='ocrx_word' id='word_1_698' title='bbox 153 5571 325 5628; x_wconf 64' lang='lat' dir='ltr'>²¹0resiesis.</span> <span class='ocrx_word' id='word_1_699' title='bbox 1018 5559 1080 5616; x_wconf 72' lang='lat'>293.</span> <span class='ocrx_word' id='word_1_700' title='bbox 1104 5558 1174 5612; x_wconf 80' lang='lat' dir='ltr'>Edit.</span> <span class='ocrx_word' id='word_1_701' title='bbox 1203 5553 1278 5616; x_wconf 84' lang='lat' dir='ltr'>ilem,</span> <span class='ocrx_word' id='word_1_702' title='bbox 1305 5549 1416 5602; x_wconf 76' lang='lat' dir='ltr'>beurim</span> <span class='ocrx_word' id='word_1_703' title='bbox 1440 5546 1511 5600; x_wconf 80' lang='lat' dir='ltr'>debet</span> <span class='ocrx_word' id='word_1_704' title='bbox 1536 5561 1577 5599; x_wconf 83' lang='lat' dir='ltr'>ore</span> <span class='ocrx_word' id='word_1_705' title='bbox 1592 5557 1704 5614; x_wconf 78' lang='lat' dir='ltr'>represso</span> 
     </span>
    </p>
   </div>
   <div class='ocr_carea' id='block_1_9' title="bbox 186 5619 1469 5782">
    <p class='ocr_par' dir='ltr' id='par_1_24' title="bbox 186 5619 1469 5782">
     <span class='ocr_line' id='line_1_62' title="bbox 186 5619 1469 5709; baseline -0.018 -15"><span class='ocrx_word' id='word_1_706' title='bbox 186 5642 242 5700; x_wconf 65' lang='lat'>236.</span> <span class='ocrx_word' id='word_1_707' title='bbox 261 5643 326 5699; x_wconf 57' lang='lat' dir='ltr'>Cod,</span> <span class='ocrx_word' id='word_1_708' title='bbox 346 5643 417 5709; x_wconf 73' lang='lat' dir='ltr'>Tau,</span> <span class='ocrx_word' id='word_1_709' title='bbox 439 5639 487 5694; x_wconf 77' lang='lat' dir='ltr'>bet</span> <span class='ocrx_word' id='word_1_710' title='bbox 500 5638 612 5693; x_wconf 79' lang='lat' dir='ltr'>sciendo.</span> <span class='ocrx_word' id='word_1_711' title='bbox 879 5700 882 5705; x_wconf 22' lang='grc' dir='ltr'>Ι</span> <span class='ocrx_word' id='word_1_712' title='bbox 1019 5631 1081 5686; x_wconf 75' lang='lat' dir='ltr'>sod.</span> <span class='ocrx_word' id='word_1_713' title='bbox 1101 5627 1170 5684; x_wconf 81' lang='lat' dir='ltr'>Cod.</span> <span class='ocrx_word' id='word_1_714' title='bbox 1188 5626 1257 5687; x_wconf 69' lang='lat' dir='ltr'>lau,</span> <span class='ocrx_word' id='word_1_715' title='bbox 1276 5619 1342 5674; x_wconf 86' lang='lat' dir='ltr'>belin</span> <span class='ocrx_word' id='word_1_716' title='bbox 1357 5628 1469 5687; x_wconf 76' lang='lat' dir='ltr'>tropus.</span> 
     </span>
     <span class='ocr_line' id='line_1_63' title="bbox 187 5711 718 5782; baseline -0.011 -14"><span class='ocrx_word' id='word_1_717' title='bbox 187 5711 242 5769; x_wconf 73' lang='lat' dir='ltr'>ila.</span> <span class='ocrx_word' id='word_1_718' title='bbox 263 5714 332 5771; x_wconf 78' lang='lat' dir='ltr'>Edit.</span> <span class='ocrx_word' id='word_1_719' title='bbox 349 5713 426 5782; x_wconf 75' lang='lat' dir='ltr'>Tem,</span> <span class='ocrx_word' id='word_1_720' title='bbox 442 5717 521 5766; x_wconf 85' lang='lat' dir='ltr'>eierat</span> <span class='ocrx_word' id='word_1_721' title='bbox 534 5711 592 5765; x_wconf 84' lang='lat' dir='ltr'>lruic</span> <span class='ocrx_word' id='word_1_722' title='bbox 612 5725 718 5764; x_wconf 74' lang='lat' dir='ltr'>aceruum.</span> 
     </span>
    </p>
   </div>
   <div class='ocr_carea' id='block_1_10' title="bbox 0 0 1944 6128">
    <p class='ocr_par' dir='ltr' id='par_1_25' title="bbox 0 0 1944 6128">
     <span class='ocr_line' id='line_1_64' title="bbox 0 0 1944 6128; baseline 0 0"><span class='ocrx_word' id='word_1_723' title='bbox 0 0 1944 6128; x_wconf 95' lang='lat' dir='ltr'> </span> 
     </span>
    </p>
   </div>
  </div>
 </body>
</html>
