3810 6128
1155 166 1160 187 ¹
1213 170 1234 205 θ

139 310 210 367 tute
891 305 1040 363 neubon.
1652 364 1654 367 ,
1695 304 1761 360 loll

137 424 254 486 abbate,
273 428 319 475 sut
338 419 488 490 prepositis
506 418 616 489 iubetur
629 417 789 488 superpnuI;
805 425 832 472 ct
851 428 925 488 pest·
940 429 961 482 Α
978 433 1072 488 penso,
1086 415 1186 469 artibus
1198 414 1317 485 quotidie
1331 414 1460 478 sedeant;
1477 412 1520 482 qui
1538 420 1625 467 tamen
1640 427 1699 468 cum
1714 413 1763 468 ali·

136 525 220 580 quarn
232 509 430 580 superpositum
444 507 524 563 luerit
536 507 661 577 quodvis,
676 516 819 576 antequam
833 521 923 561 secum
976 522 1027 576 uua
1042 505 1188 561 necessitas
1201 503 1299 560 laboris
1316 503 1415 559 terreni
1429 513 1476 558 aot
1488 504 1591 559 siarum
1607 517 1655 572 pre
1670 518 1764 558 urena-

136 599 301 665 meditetur,
316 598 380 653 iteur
395 614 410 653 a
425 596 658 652 circumstantibus
673 605 745 666 petat
759 612 807 665 pre
821 610 851 650 se
865 611 924 650 ura·
975 598 1051 652 sterii
1066 596 1180 651 utilitate
1204 595 1359 665 perurserit,
1375 603 1438 650 tnnc
1455 590 1559 653 relictis
1581 592 1694 655 artibus.
1717 603 1766 648 aut

135 691 172 756 ri.
186 698 213 746 el
232 688 272 744 sic
293 687 402 744 iuchoet
422 687 554 743 meditari.
579 685 740 741 lucernaria
766 700 829 741 vere
851 685 924 740 omui
975 686 1086 742 iratrurn
1101 686 1256 755 adiutoriis,
1272 694 1318 740 aut
1340 685 1441 740 riarum
1458 683 1662 741 necessitatibus
1681 698 1763 737 oeru-

136 790 272 850 tempere,
291 779 408 834 maxime
420 793 483 833 rere
498 778 524 831 iu
537 787 641 844 aestate,
656 777 800 847 temperius
815 776 923 831 incboe·
976 787 1081 844 pentur.
1096 774 1236 832 Fratribus
1249 775 1371 831 debeatis
1389 785 1415 830 et
1430 772 1541 830 iulirnris
1557 773 1618 828 talis
1631 772 1707 828 labor
1720 773 1763 826 in·

135 879 191 933 tur,
205 868 339 940 pendente
351 867 439 924 adbuc
452 867 521 933 sole,
534 868 603 922 sicut
611 867 676 923 dicit
687 864 834 937 Propheta,
845 881 924 936 usqne
973 866 1111 936 jungatur,
1128 875 1156 919 ut
1169 865 1320 921 nutriantur
1334 864 1367 918 ad
1382 865 1520 919 seruitium
1543 864 1601 933 liei,
1618 878 1673 918 uon
1687 862 1764 917 neri-

133 959 171 1013 od
189 974 308 1014 mosum
332 959 341 1022 ί
356 957 429 1013 Psoi.
447 973 518 1013 essu
533 958 542 1028 )
559 976 566 1012 :
581 973 635 1014 uou
653 966 743 1012 tamen
763 956 843 1021 liris,
865 964 926 1026 post
974 957 1071 1012 dautur
1086 975 1092 1009 :
1109 956 1265 1012 duricordes
1278 972 1341 1012 rere
1355 965 1381 1011 et
1394 957 1529 1028 simplices
1543 955 1650 1024 Fratres,
1667 954 1767 1024 relqui

133 1063 274 1106 occasum.
297 1047 367 1116 Ergo
391 1047 453 1103 inde
479 1048 595 1104 maxime
618 1048 644 1102 iu
666 1054 760 1103 estate
780 1045 924 1116 temperius
974 1047 1077 1101 litteras
1097 1047 1187 1102 dicere
1209 1044 1314 1112 uolunt,
1330 1056 1358 1102 et
1378 1063 1432 1102 nou
1453 1056 1575 1117 possunt,
1598 1047 1649 1118 ipsi
1673 1046 1764 1116 gurdis

133 1137 313 1193 lucernariam
328 1137 443 1194 diximus
456 1137 594 1203 iucbueri,
609 1146 719 1208 propter
732 1138 827 1192 breues
841 1135 925 1207 ipsius
975 1137 1101 1208 operibus
1122 1137 1293 1204 iutrieerrtur;
1309 1145 1399 1192 tamcu
1412 1154 1472 1192 euru
1493 1147 1706 1207 temperamento
1716 1137 1762 1206 ju·

134 1227 266 1298 temporis
291 1240 394 1285 noctes.
416 1226 458 1284 Ad
475 1227 593 1284 laborem
615 1242 680 1283 rere
704 1225 794 1297 operis
814 1225 923 1290 terreni,
975 1227 1053 1281 stitia>
1066 1244 1072 1279 :
1085 1241 1118 1281 ne
1129 1226 1178 1282 seli
1187 1225 1407 1296 jugiterrlircrsis
1418 1228 1602 1297 opprimantur
1616 1227 1760 1281 laboribus

133 1315 179 1372 rei
191 1317 331 1374 utissioms
342 1319 455 1387 siarum,
467 1318 493 1373 bi
504 1317 600 1374 fratres
612 1317 783 1388 deputentur,
795 1315 840 1387 qui
853 1323 925 1370 artes
975 1313 1114 1382 lulautuli,
1130 1324 1156 1371 et
1169 1315 1224 1386 jam
1237 1316 1313 1372 senio
1332 1317 1479 1387 decrepiti,
1499 1326 1526 1373 ct
1550 1317 1646 1372 iullrmi
1667 1317 1763 1386 aeqrrali

133 1407 269 1474 rrescluot,
284 1416 330 1464 aut
344 1407 570 1472 discernemus,
586 1415 700 1462 autnon
716 1414 837 1476 possunt.
852 1405 925 1460 dni·
975 1403 1074 1460 debent
1092 1405 1150 1474 cogi
1163 1404 1275 1475 iudicio.

131 1498 200 1552 dces
214 1513 278 1555 tero
292 1499 422 1570 deputato
442 1499 495 1565 die,
512 1507 540 1554 et
559 1496 772 1569 experimentato
792 1496 926 1553 arrisere

471 1744 673 1822 INCIPIT
702 1744 904 1822 neubon
931 1745 1430 1838 Qttuuudoustnlluls.

833 1885 1070 1902 ἡ

433 1964 547 2021 CAPUT
575 1963 618 2020 LI.

343 2074 542 2114 rnrenuouarru
562 2073 697 2114 urscrrutr.

235 2168 276 2226 Dc
297 2167 457 2225 cretionibus
484 2167 697 2240 Quadruperimre
731 2169 760 2224 in
783 2169 834 2224 elie.

267 2292 419 2335 nserunusr
438 2293 552 2334 auersus
570 2295 621 2336 ree
641 2295 804 2337 utursrnurt.

167 2387 243 2445 Inter
255 2387 402 2444 matutinos
415 2399 442 2443 et
456 2388 570 2458 primaru
589 2404 656 2460 pura
668 2389 726 2447 lieri
741 2389 822 2447 debet
835 2400 923 2449 eratro

132 2482 169 2536 sb
182 2479 322 2545 amulbus3
348 2480 412 2534 iteru
427 2480 496 2535 inter
520 2481 634 2551 primam
656 2489 685 2537 et
707 2483 812 2539 tertiam
824 2498 832 2537 ε
846 2483 923 2539 simi·

135 2569 201 2627 litcr
213 2569 271 2626 lteri
285 2571 356 2628 iuter
380 2572 486 2627 tertiam
510 2580 538 2628 et
560 2581 664 2628 sextam
683 2573 828 2630 :similiter
855 2574 924 2629 iuter

133 2667 240 2714 sextans
248 2669 276 2716 et
284 2674 399 2716 nonam:
410 2660 613 2717 similiteriuter
624 2677 721 2717 uenam
732 2673 922 2734 etresperarm

135 2749 264 2806 similiter
277 2751 348 2808 inter
361 2766 501 2823 vesperam
523 2762 552 2809 et
571 2752 763 2824 completorios
777 2767 784 2805 :
800 2751 925 2811 similiter

135 2844 198 2900 lieri
210 2845 238 2900 iu
253 2845 317 2901 tetis
336 2844 549 2916 Quadragcsimre
563 2845 657 2904 diebus
671 2853 789 2918 oportet.

429 2976 544 3036 CAPUT
573 2977 626 3036 LII.

361 3090 554 3131 ru‘rsnnuearre
574 3090 709 3131 urscruurr.

941 1966 962 2026 t3
976 1970 1039 2022 r'eru
1052 1981 1136 2036 usque
1154 1966 1181 2021 in
1198 1965 1350 2024 riccsiruam
1364 1965 1485 2036 singulus
1504 1983 1593 2023 meros
1607 1960 1761 2040 accipiabt':

974 2057 1131 2113 avicesiura
1146 2073 1210 2114 vero
1236 2072 1319 2128 usque
1343 2057 1378 2112 arl
1403 2057 1505 2116 I‘asclra
1521 2061 1611 2116 riuum
1637 2063 1764 2120 omnibus

972 2148 1166 2205 subtrabatur:
1182 2148 1284 2219 absque
1308 2149 1439 2219 iulirmis,
1464 2159 1492 2206 et
1520 2150 1666 2208 infantibus
1694 2155 1761 2211 iuiur
1835 2209 1839 2216 ,

973 2237 1114 2293 duodecim
1129 2253 1226 2306 anuos,
1238 2248 1266 2294 et
1286 2240 1362 2296 senio
1379 2241 1434 2310 jarn
1448 2238 1570 2297 defessis.
1584 2242 1639 2298 Sed
1652 2243 1705 2300 boc
1723 2245 1763 2300 ‘de

974 2328 1085 2385 iullrrnis
1098 2330 1250 2386 consideret
1263 2332 1365 2395 abbas,
1393 2347 1427 2388 ne
1453 2332 1489 2386 ali
1499 2334 1550 2401 pris
1575 2333 1722 2388 mentiatur
1737 2343 1765 2389 et

974 2419 1055 2491 lingat
1081 2422 1225 2477 inlirmuur.
1253 2421 1349 2478 Firmis
1363 2437 1449 2484 sero.
1476 2423 1519 2478 sei
1542 2438 1592 2478 suo
1603 2434 1666 2478 vute
1680 2424 1764 2478 absti-

974 2511 1108 2574 nentibus,
1122 2512 1203 2567 mixta
1218 2512 1320 2569 salibus
1330 2529 1396 2568 cum
1406 2513 1524 2586 cyrrriuu,
1536 2513 1576 2568 rc‘l
1593 2513 1645 2583 apii
1661 2514 1764 2568 semiue

974 2599 1141 2670 calidaeque
1157 2601 1312 2659 misceatur.
1328 2602 1422 2659 Oleum
1438 2620 1489 2658 nou
1514 2603 1540 2657 in
1562 2602 1688 2668 cacalis,
1715 2603 1763 2655 serl

975 2691 1001 2745 iu
1017 2689 1247 2763 lercrrlis·propter
1260 2693 1426 2751 abstinentes
1451 2701 1583 2749 urrttatur.
1605 2694 1656 2759 Qui
1679 2693 1763 2748 absti-

975 2787 1068 2835 nentes
1079 2780 1106 2835 in
1119 2782 1184 2851 ipsis
1197 2790 1286 2837 taruen
1299 2783 1399 2838 mensis
1418 2783 1547 2838 decadum
1563 2798 1682 2849 suarum,
1695 2790 1762 2845 <ruet

974 2869 1105 2924 inmensa
1120 2885 1180 2940 eruas
1195 2872 1221 2925 iu
1242 2886 1291 2926 sue
1309 2887 1421 2926 nurnero
1445 2871 1543 2926 luerint
1556 2903 1577 2937 ‚=
1592 2871 1763 2927 ordinatione
1825 2883 1832 2893 ‘

974 2960 1084 3031 majoris
1103 2960 1179 3029 justa
1197 2960 1343 3031 jubeantur
1363 2961 1475 3016 sedere:
1491 2970 1522 3016 ut
1545 2961 1710 3019 absaiuentes
1728 2961 1762 3017 de

975 3067 1027 3106 uua
1042 3065 1133 3107 mensa
1145 3052 1172 3107 iu
1185 3067 1236 3106 una
1250 3051 1396 3108 comedant
1419 3052 1542 3108 seutella.
1560 3052 1621 3108 lrlee
1634 3052 1706 3107 euim
1720 3052 1762 3107 di-

974 3143 1062 3198 mnus
1089 3126 1159 3199 inter
1181 3143 1249 3200 alios
1275 3141 1372 3200 iratres
1398 3145 1577 3202 communiter
1598 3146 1763 3200 abstinentes

973 3227 1086 3292 sedere,
1112 3226 1436 3284 uterubescautroraccs
1461 3229 1488 3285 iu
1511 3231 1647 3284 communi
1666 3238 1763 3285 uetera

262 3314 417 3357 ssim-*¹⁸⁸1
436 3317 549 3358 wilm
569 3318 618 3356 lii
636 3317 796 3358 *librissil-
936 3331 1028 3396 cnon
1043 3331 1122 3387 posse
1144 3315 1247 3386 pariter
1267 3316 1336 3387 gulae
1361 3317 1494 3374 desideria
1520 3317 1717 3387 refrenarem
1735 3320 1762 3373 iu

170 3409 286 3482 oportet
300 3421 362 3482 pest
374 3412 488 3483 primum
503 3413 657 3469 decubitum
680 3430 774 3470 omnes
788 3429 897 3484 surgere
912 3455 920 3480 ‚
973 3407 1104 3477 eligendis
1117 3406 1195 3463 bouis
1208 3407 1325 3464 divinam
1338 3424 1399 3465 cunr
1414 3409 1608 3467 abstiueutibus
1618 3426 1672 3466 nun
1683 3425 1763 3481 posse

131 3508 236 3558 stante
248 3501 407 3559 lectossuos
430 3517 519 3573 orare,
532 3505 666 3575 complere
677 3506 813 3575 abbatem,
826 3516 856 3562 et
878 3522 921 3562 re·
971 3498 1084 3569 stellam
1097 3499 1255 3569 promereri.
1268 3498 1334 3555 Ilum
1346 3500 1404 3572 ipse
1418 3500 1462 3557 dic
1472 3500 1689 3573 Quadragesimae
1699 3519 1760 3558 curu

132 3608 248 3663 pausare
258 3609 364 3661 omncs,
378 3594 441 3651 item
455 3606 516 3667 post
526 3605 672 3654 nocturnos
686 3614 842 3670 repausare.
854 3599 920 3655 Item
972 3589 1182 3656 wfflmffllifflssb
1197 3590 1285 3660 primi)
1304 3584 1427 3660 ἱθὶΰΰῑθύ
1456 3600 1600 3663 ame‘liiii‘
1614 3595 1763 3648 ⁰⁰¹¹¹¹¹¹¹¹¹¹I·

131 3701 195 3741 currr
210 3689 359 3743 capereris
375 3685 470 3758 grlhrs,
484 3703 578 3744 omues
590 3702 712 3759 surgere,
725 3699 752 3746 et
766 3707 846 3747 erare
857 3703 920 3747 anre
972 3689 1042 3746 cent,
1056 3680 1136 3737 detur
1148 3681 1255 3737 licentia
1268 3683 1303 3738 ab
1316 3683 1415 3738 abbate
1427 3683 1454 3738 in
1474 3684 1595 3740 oratorio
1606 3684 1675 3739 talis.
1685 3685 1764 3739 llieat·

131 3777 218 3832 lectos
232 3790 306 3843 suos,
318 3775 456 3848 complere
469 3776 606 3847 abbatem,
618 3788 802 3849 etrepausare
815 3795 918 3835 errrnes.
971 3775 1054 3830 abbas
1060 3773 1183 3830 omnibus
1193 3774 1318 3830 iratribus
1332 3789 1339 3828 ε
1355 3773 1471 3840 Fratres,
1484 3775 1529 3845 qui
1538 3776 1595 3830 vult
1608 3777 1761 3848 preminur

133 3863 210 3921 liade
231 3873 340 3936 opertet
353 3865 534 3936 vigiligallos,
564 3867 591 3923 iu
606 3869 730 3924 noctibus
757 3869 800 3923 rel
827 3867 920 3925 diebus
971 3881 1020 3924 sua
1033 3867 1189 3939 spiritaliter
1200 3866 1334 3932 laborare,
1349 3875 1377 3923 et
1390 3868 1490 3936 aliquid
1503 3868 1647 3933 abstinere,
1662 3868 1695 3922 ad
1711 3869 1760 3923 bu-

132 3954 348 4025 Qusdragcsimre
362 3955 475 4011 multum
490 3956 634 4027 egerentes
648 3958 675 4012 iu
700 3966 779 4013 uncte
798 3966 825 4013 et
839 3958 865 4013 in
876 3957 921 4013 die
972 3977 1036 4017 nuru
1058 3961 1109 4018 boc
1122 3975 1191 4031 epus
1205 3961 1318 4018 liberam
1341 3964 1367 4018 ei
1388 3961 1552 4018 voluntatem
1564 3961 1737 4017 concedimus
1756 3983 1760 4011 z

132 4057 191 4100 esse
204 4045 344 4110 sollicitos,
361 4054 390 4101 ut
402 4046 483 4103 buras
504 4046 644 4104 advenisse
659 4048 812 4105 orationum
824 4051 920 4106 iratres
971 4051 1017 4122 qui
1032 4066 1096 4106 rere
1117 4050 1242 4116 noluerit,
1260 4051 1358 4120 regulce
1382 4051 1416 4107 de
1438 4051 1492 4108 lroc
1513 4052 1591 4107 titulo
1616 4053 1765 4107 constituta

131 4131 304 4190 adruuneent.
320 4134 383 4192 ldeu
397 4138 497 4193 debent
520 4138 547 4192 in
570 4154 623 4193 uuo
644 4139 712 4193 strio
738 4155 833 4194 omues
854 4139 918 4196 dor·
971 4142 1103 4212 accipiet,
1125 4151 1153 4197 et
1164 4141 1377 4212 quadragesime
1391 4149 1535 4198 contentus
1549 4141 1601 4197 erit
1626 4155 1777 4197 ruensnras

132 4230 210 4298 urire,
226 4238 256 4285 ut
269 4231 304 4287 ab
316 4232 440 4287 omnibus
455 4233 592 4289 orationes
604 4233 660 4288 istae
671 4242 733 4289 ente
745 4233 829 4289 lectos
844 4249 920 4290 coru·
971 4233 1030 4290 iarn
1042 4233 1087 4304 qui
1100 4232 1135 4289 de
1148 4231 1275 4290 Fratribus
1294 4232 1430 4290 volueriut
1451 4231 1553 4302 aliquid
1565 4231 1710 4299 abstinere,
1726 4232 1764 4287 ibi

132 4321 250 4375 murriter
272 4321 458 4391 impleantur,
487 4333 517 4378 ut
543 4339 638 4380 oruues
662 4323 770 4380 audlant
795 4327 920 4382 abbatem
971 4322 1271 4390 inoraterieredant,
1297 4331 1326 4380 et
1353 4323 1496 4380 buanlicnt
1517 4322 1695 4394 seadgenua
1719 4324 1764 4378 ab·

132 4409 324 4479 coruplentem.
337 4410 410 4466 Idem
426 4411 526 4468 debent
545 4428 664 4485 surgere,
677 4422 705 4470 et
725 4414 813 4470 lacere
834 4424 921 4470 metu·
971 4415 1051 4484 batis,
1067 4425 1177 4485 agentes
1190 4417 1291 4485 gratias
1304 4415 1339 4472 de
1353 4416 1417 4472 boui
1438 4424 1516 4472 actus
1539 4415 1678 4471 voluntate
1696 4431 1764 4480 eon·

132 4497 202 4554 tirros
214 4513 222 4552 ε
235 4499 299 4568 quia
309 4498 397 4556 adbuc
412 4503 535 4557 matutini
548 4504 665 4573 separati
680 4519 695 4558 a
707 4506 844 4562 nocturnis
857 4514 921 4562 aute
970 4519 1046 4561 cessa
1060 4521 1067 4559 τ
1081 4515 1108 4561 et
1122 4515 1182 4576 pust
1195 4509 1299 4576 impene
1316 4522 1343 4562 m
1354 4507 1542 4575 bumilitatem,
1562 4507 1641 4563 simul
1669 4516 1697 4563 et
1714 4523 1765 4566 uro

132 4584 234 4642 Paseba
245 4588 378 4644 dicuutur.
390 4589 456 4645 ltern
471 4592 541 4648 inter
552 4594 697 4649 matutinos
709 4602 736 4649 et
755 4597 867 4665 primam
881 4597 919 4654 sl·
970 4611 1020 4653 sue
1034 4599 1124 4654 abbati
1140 4600 1277 4668 irruiceut,
1302 4600 1362 4671 quis
1386 4601 1450 4671 quid
1476 4601 1591 4657 soluerit
1617 4602 1763 4659 abstinere.

131 4677 229 4732 militer
240 4694 306 4750 pura
321 4680 367 4735 irat
385 4683 483 4737 oratio.
934 4688 1038 4763 pilam
1050 4688 1111 4744 ideo
1123 4690 1150 4744 in
1164 4691 1284 4746 oratorie
1298 4692 1466 4748 abstinentes
1476 4693 1592 4748 elisimus
1606 4693 1741 4764 designari
1756 4739 1763 4764 ,

133 3184 175 3241 ne
191 3185 352 3242 cretionibus
371 3185 582 3258 Quadrupesimrr
595 3191 621 3243 in
634 3197 717 3255 nucu,
730 3191 783 3244 sire
797 3188 920 3243 Psalmis.

426 4796 541 4853 Cdl’ilT
571 4798 634 4855 Llll.

348 4904 545 4945 rurennoun‘rm
569 4906 706 4947 urscrerur.

159 4997 200 5053 ne
216 5000 375 5054 ceretitrentm
389 5000 501 5056 ciborum
514 5014 538 5057 et
548 5005 659 5073 pelusio
673 5005 889 5077 Quadrupedem.

272 5126 426 5167 nesronner
445 5129 560 5169 neurnus
579 5132 629 5170 ren
650 5131 811 5172 steterumt.

974 4789 1004 4836 ut
1014 4780 1047 4835 ad
1069 4794 1177 4836 mensas
1196 4797 1257 4837 cunr
1279 4783 1331 4838 lroe
1345 4784 1430 4854 ipsum
1447 4783 1604 4852 continent,
1619 4786 1652 4839 ari
1673 4801 1763 4843 ecam

974 4871 1000 4927 in
1014 4873 1217 4942 quadragesima
1233 4873 1339 4957 corpori
1351 4874 1513 4945 perdendam
1526 4892 1542 4930 a
1555 4877 1651 4947 tepidis
1662 4879 1705 4932 rel
1716 4891 1763 4945 gu·

974 4961 1038 5018 lusis
1053 4962 1179 5019 Fratribus
1193 4979 1245 5019 neu
1265 4964 1320 5032 jans
1335 4965 1388 5021 uec
1408 4967 1495 5038 ipsuru
1510 4983 1702 5039 repraesumere
1720 4971 1763 5022 sel

972 5069 1062 5109 securrr
1074 5053 1215 5110 comedere
1228 5059 1392 5113 suadeantur
1404 5073 1412 5111 :
1426 5073 1486 5113 curu
1504 5075 1557 5114 uou
1571 5061 1627 5115 vult
1637 5059 1698 5128 quis
1722 5058 1762 5112 ri·

971 5143 1062 5199 derea
1081 5158 1111 5198 se
1126 5143 1207 5197 alium
1228 5145 1378 5200 mrliureur.
1391 5145 1444 5201 Sed
1465 5148 1518 5201 siut
1541 5160 1606 5216 erge
1630 5146 1673 5200 isti
1697 5145 1763 5201 tales

165 5221 253 5276 Uuruu
265 5230 372 5276 coetum
387 5223 510 5279 omnibus
522 5225 687 5295 pulmentum
704 5224 838 5292 subiciat;
855 5236 882 5282 et
894 5228 920 5283 iu
969 5233 1126 5288 testimonio
1141 5234 1253 5289 oratorii
1271 5235 1305 5290 de
1317 5235 1441 5290 erunibus
1455 5235 1526 5307 apud
1550 5235 1634 5290 eeuru
1659 5235 1760 5298 electi,

129 5311 255 5368 secundis
273 5313 453 5385 quodcunque
482 5315 563 5371 suerit
588 5318 699 5373 cmdum
725 5335 787 5374 cunr
812 5321 919 5390 pernis:
969 5326 1051 5381 etiam
1068 5325 1232 5382 abstinentes
1242 5326 1382 5395 designati.
1399 5310 1579 5385 uertie'eulur
1592 5327 1627 5383 de
1639 5344 1762 5383 resurre-

130 5404 207 5473 paois
219 5403 362 5461 hordeacei
380 5407 489 5476 quadras
504 5408 573 5464 duan.
591 5411 632 5465 db
651 5411 709 5481 ipso
734 5411 777 5467 die
799 5412 917 5480 Quadra·
968 5415 1762 5486 etiouellemiuitalesdebentirrPescbslatarieurrerristo,

128 5494 238 5560 castrus.
250 5510 336 5565 usque
351 5497 377 5552 in
393 5500 556 5558 tricesimum
582 5510 693 5573 propter
705 5504 826 5561 laborem
841 5506 919 5561 binas
973 5513 1017 5582 qui
1031 5529 1129 5583 corpus
1140 5528 1218 5569 suum
1238 5529 1286 5585 per
1297 5514 1483 5570 abstinentiam
1499 5530 1558 5570 curn
1570 5530 1604 5571 eo
1619 5516 1765 5575 crociiise·

129 5587 162 5641 ad
173 5586 361 5657 dienrlratrcs‚
372 5605 427 5648 neu
440 5595 566 5665 amplius,
581 5597 714 5668 accipiant
728 5597 869 5669 potionem
892 5599 918 5654 id
973 5614 1036 5660 runt
1048 5605 1073 5661 lu
1089 5605 1302 5675 quadragesima,
1317 5606 1422 5663 dicente
1435 5606 1468 5664 de
1483 5607 1588 5664 tristitia
1601 5603 1739 5682 Scriptura
1754 5631 1760 5668 :

127 5686 181 5746 cst,
206 5695 289 5738 urrruu
305 5698 409 5742 merom
432 5693 460 5742 et
482 5702 564 5743 unum
591 5689 706 5746 caldum.
732 5691 753 5745 d
783 5681 918 5752 tricesima
974 5693 1024 5759 Qui
1046 5697 1172 5753 umbrant
1192 5697 1219 5758 in
1245 5696 1382 5769 lacrumis,
1406 5699 1430 5754 in
1449 5702 1543 5771 amuis
1564 5712 1659 5760 urerent
1673 5704 1760 5759 ll‘serl.
