3810 6128
80 347 151 410 [2³25
453 342 669 400 bonibertus
689 340 732 394 AC
751 333 983 395 'insinuabit
1004 331 1124 393 belse..
1146 329 1233 392 neb..
1256 326 1332 382 EiC.
1640 319 1711 373 teet

78 454 179 514 cathol.
194 461 246 509 etc.
263 451 319 521 Egi
331 453 439 521 quidem
457 454 565 521 Pipinus
577 452 684 516 Senior,
698 448 831 505 eolorare
846 456 873 501 et
889 453 910 509 ,t
926 443 1043 513 presenti
1069 449 1199 511 ternpore,
1219 448 1289 495 etse
1309 453 1368 493 cum
1384 438 1424 492 eis
1437 437 1594 492 multimode
1616 449 1713 506 apprc-

80 544 171 602 anlrno
184 542 295 608 ductus,
311 543 427 598 maxime
441 544 502 611 quie
525 544 558 597 tle
573 555 637 608 repe
652 538 769 609 superbo
784 536 872 593 Tlteo·
925 533 1041 604 gationis
1071 532 1232 602 agminibus,
1254 532 1297 601 pie
1320 530 1469 585 devotionis
1490 528 1597 597 paribus
1620 528 1715 583 studiis

80 638 185 703 derlee,
201 652 250 706 per
270 637 383 705 entiam
397 635 603 706 omnipotentis,
620 648 681 689 cum
693 631 803 687 victoria
815 643 875 684 sum

78 726 220 791 liberatus,
235 727 331 783 eccles.
345 725 374 783 S.
391 726 462 783 Petri
476 727 619 782 llambrac.
634 723 753 779 concedo
774 722 800 774 in
816 734 877 790 per·

80 828 191 892 petuam
203 819 406 882 eleemosinam,
420 826 517 873 terram
532 832 619 874 meam
634 816 703 871 inter
716 814 876 869 Elimontem

81 919 110 966 et
123 908 303 976 salicurtem,
316 908 344 963 in
358 923 427 978 pago
443 909 624 971 Atrebatensi,
639 916 693 963 ete.
710 907 776 961 ltem
789 904 877 960 ecele-

82 1000 124 1057 sie
146 998 257 1054 fratrum
282 1000 395 1055 oratorii
418 998 528 1055 liambr.
544 999 579 1056 do
595 999 696 1054 villaria
711 999 781 1059 duo,
804 997 880 1051 tiliae

43 1134 51 1146 .
84 1089 271 1155 llaniliacnm,
286 1087 404 1147 liuoeias
416 1099 444 1144 et
457 1090 653 1154 Demicortem,
670 1100 723 1145 etc.
740 1088 770 1143 S.
788 1087 819 1142 b.
832 1086 879 1141 Pi·

83 1177 142 1248 piot
154 1176 283 1234 senioris.
303 1178 332 1232 S.
348 1177 485 1249 llidulphi,
500 1178 576 1235 ducit
595 1180 751 1246 Lotlraring.
769 1177 798 1231 S.
818 1176 881 1232 Piti-

87 1267 188 1339 lippici,
207 1267 283 1322 ducis
309 1267 444 1324 lietensis.
472 1271 527 1339 llqo
550 1268 682 1336 astingus
705 1266 882 1322 castrellarius

87 1359 245 1430 recognovi.
262 1359 326 1414 Data
348 1357 490 1418 llambraci
510 1376 555 1416 an.
571 1360 592 1415 l.
611 1361 641 1416 ll.
655 1370 776 1415 sexcent.
798 1376 881 1413 nona·

88 1464 145 1521 με.
161 1450 258 1521 priato,
274 1451 329 1506 ind.
343 1467 371 1519 tt,
387 1453 554 1523 principatus
568 1453 650 1509 nostri
661 1467 707 1506 an.
721 1451 826 1523 quinto.

433 1565 551 1621 xxxttt.

89 1654 189 1711 Charta
202 1675 253 1730 quo
269 1657 438 1719 bertoendus,
454 1657 655 1713 Calatonnenria
669 1659 815 1726 episcopas,
828 1659 884 1727 pri·

126 1727 221 1798 eiieqic
234 1727 345 1798 iorqitnr
358 1729 518 1783 ntortnstert'e
533 1727 660 1783 Derrensi
674 1736 699 1782 et
714 1729 799 1782 ricino
810 1727 883 1796 puel·

125 1797 212 1851 ioman
225 1800 382 1853 ntenusteria
398 1809 411 1834 ¹
426 1802 501 1865 (nnn.
515 1797 587 1869 titi).

130 1909 251 1966 bominis
263 1910 363 1966 unctis
373 1919 402 1966 et
414 1911 510 1965 summi
527 1911 653 1966 culminis
676 1911 754 1981 apice
777 1907 884 1981 illectu,

92 1998 261 2069 apostolicae]
282 1998 444 2069 pontilicalis
466 1999 594 2055 catlaedre
617 1999 726 2069 specula
747 1996 885 2069 presiden·

92 2089 165 2144 tibus
194 2088 221 2143 in
245 2087 353 2143 Christe
381 2088 509 2145 iratribus
542 2104 589 2144 seu
617 2088 786 2159 coepiscopis
808 2088 888 2156 lngo·

94 2178 173 2235 berto
201 2176 482 2251 [dormientem]
512 2180 744 2250 metropolitano,
780 2178 886 2244 basino,

93 2265 249 2338 Stepbano,
273 2268 437 2330 ddalbertn,
455 2270 549 2335 Aloni,
574 2267 754 2338 liadalgario,
783 2268 889 2338 episco-

95 2360 150 2430 pati
173 2360 303 2416 cathedra
336 2360 559 2430 presidentibus,
583 2359 794 2424 certesiensi,
826 2360 890 2414 licet

95 2451 240 2521 indignus,
268 2452 295 2506 itt
316 2451 411 2507 ordine
436 2461 525 2506 tamen
550 2450 807 2506 Catbalaunensium
832 2451 889 2519 epi·

95 2558 214 2614 scopus,
235 2543 331 2613 suplex
361 2543 388 2597 itt
414 2542 527 2598 llomino
549 2543 626 2598 mitte
651 2542 777 2598 salutem.
799 2542 890 2608 Quan-

95 2647 178 2700 quam
203 2634 291 2702 prisce
317 2632 409 2701 regule
436 2631 508 2688 decr.
519 2643 544 2686 ta
561 2648 611 2686 nos
632 2631 761 2699 doceant,
789 2643 891 2700 etque

93 2731 205 2793 oportet
218 2722 395 2793 perhenniter
407 2724 554 2788 custodire,
579 2735 607 2778 et
628 2733 734 2793 patrum
760 2733 891 2778 consuetu

98 2814 155 2870 iridi
166 2835 172 2866 r
185 2816 260 2870 inutc
275 2830 395 2880 servare,
408 2823 527 2870 attamen
543 2827 571 2870 et
585 2832 634 2870 nos
651 2830 733 2886 super
745 2815 797 2870 lieo
814 2829 892 2884 regn-

926 624 1096 680 sociaremnt
1108 625 1133 678 in
1149 623 1196 677 bei
1212 622 1343 685 latritibus,
1369 635 1423 676 uuo
1436 619 1528 688 regule
1549 617 1645 688 spiritu
1669 632 1717 672 su·

928 731 1011 785 perna
1025 715 1200 783 inspiratione
1210 720 1356 776 coutmnta,
1372 711 1407 767 ad
1429 711 1522 766 laudes
1536 704 1716 778 outnipote'nti

928 809 984 863 Deo
994 806 1195 862 concinnandae
1210 803 1319 877 idacii..
1333 801 1535 875 concinendasl,
1552 802 1625 872 pium
1642 800 1721 857 cxlii*

929 899 974 953 bet
988 895 1313 962 laturrlatnm,conierrerl
1333 896 1465 949 berennus.
1483 892 1563 962 Quod
1575 893 1721 949 salubriter

929 998 1089 1055 annuentes,
1115 989 1166 1045 boc
1187 987 1453 1060 privilegiumque!
1470 987 1549 1059 plena
1575 987 1722 1044 devotione

929 1080 1076 1151 petierunt,
1104 1078 1235 1148 perhenni
1256 1079 1417 1135 auctoritate
1441 1079 1604 1136 serrandum
1629 1081 1723 1137 libenti

930 1173 1021 1226 antimo
1034 1171 1184 1241 prestitisse
1199 1171 1349 1241 comperite
1382 1171 1435 1226 Noc
1449 1173 1522 1227 enirn
1537 1188 1606 1229 nova
1629 1183 1724 1244 pustu-

932 1263 1044 1317 lantium
1057 1261 1099 1317 tel
1112 1261 1306 1330 indulgentium
1320 1271 1361 1317 est
1380 1263 1529 1320 aucteritas
1552 1265 1722 1336 privilegium

932 1353 1076 1424 largiendi,
1092 1353 1154 1408 dom
1170 1353 1290 1423 prolecto
1305 1355 1394 1410 cuncti
1406 1353 1514 1426 idacii,
1526 1357 1640 1430 cunctis]
1651 1371 1725 1413 retro

931 1445 1081 1514 apostolice
1104 1444 1176 1500 sedis
1201 1444 1331 1514 presules,
1358 1444 1429 1500 unde
1460 1461 1537 1501 sacra
1562 1458 1726 1516 propagator

933 1536 1155 1603 auctoritas,non
1164 1537 1251 1591 solum
1267 1537 1396 1593 invicinis
1407 1537 1552 1607 provinciis
1561 1540 1726 1600 constitutit,

933 1624 980 1678 sed
1001 1624 1082 1678 etiam
1098 1621 1125 1677 iu
1140 1623 1238 1677 ceteris
1263 1623 1341 1689 longe
1355 1622 1509 1690 regionibus
1533 1625 1629 1693 procul
1656 1627 1726 1692 sits,

934 1713 1068 1782 postulata
1082 1725 1189 1781 sempcr
1203 1709 1365 1779 indulgenda
1378 1721 1537 1767 sanxerunt.
1554 1711 1631 1770 Unde
1644 1715 1727 1771 obse·

900 1817 982 1876 sscro
996 1804 1109 1858 domnos
1130 1816 1301 1858 successores
1325 1802 1439 1858 ecclesie
1455 1814 1597 1874 prenotate
1621 1808 1728 1877 ponitu-

936 1908 992 1959 ces,
1021 1893 1088 1948 satis
1110 1908 1244 1963 superque
1272 1908 1320 1962 per
1341 1896 1565 1964 omnipotentiam
1591 1899 1729 1955 Trinitatis

938 1985 1058 2039 inmense
1074 1982 1159 2037 Patris
1172 1994 1199 2038 et
1213 1982 1271 2038 Filii
1287 1992 1314 2037 et
1338 1984 1453 2055 Spiritus
1474 1987 1565 2043 Sancti
1581 1989 1728 2056 obtestare,

938 2076 1021 2129 irntno
1034 2073 1191 2145 conjectare
1218 2090 1352 2144 pressino.
1370 2077 1404 2131 tlt
1419 2078 1603 2134 commendent
1620 2080 1727 2153 illecti,

938 2162 1165 2234 commendatum}
1203 2165 1417 2233 prenominatum
1451 2170 1643 2225 mona-terium
1680 2175 1731 2243 pils

939 2254 1072 2308 mentibus
1085 2252 1329 2323 jubeantililigere,
1351 2256 1465 2324 iubeam
1490 2261 1592 2326 lovere,
1615 2261 1733 2332 jubeant

937 2343 1211 2410 continere,iubeant
1225 2361 1396 2410 conservare,
1418 2359 1445 2405 et
1471 2367 1504 2405 ne
1524 2353 1649 2408 succidua
1675 2354 1731 2410 lra-

940 2438 1233 2497 cernitassreerdotum
1249 2439 1301 2495 boc
1317 2457 1366 2495 uos
1381 2439 1408 2495 iu
1424 2440 1465 2495 lris
1487 2445 1643 2511 regionibus
1668 2463 1732 2516 pro·

940 2527 999 2599 prie
1008 2528 1210 2584 deliberationis
1225 2529 1362 2594 instinctu,
1374 2540 1420 2585 aut
1431 2547 1498 2585 nova
1511 2531 1677 2596 intentione,
1691 2551 1733 2591 es·

941 2622 1019 2676 timet
1034 2620 1143 2676 decreta
1158 2619 1251 2687 luisse,
1274 2635 1333 2676 rum
1358 2623 1408 2676 sub
1431 2622 1511 2693 bnjus
1534 2626 1737 2683 constitutionis

941 2727 1047 2776 nortna,
1064 2722 1220 2769 sanctorum
1232 2714 1431 2782 agaunensium
1447 2715 1532 2779 locus,
1549 2715 1684 2790 immoque
1706 2731 1735 2776 et

942 2804 1137 2859 monasterium
1154 2804 1304 2872 lirinense,
1319 2820 1366 2860 seu
1381 2813 1409 2858 et
1423 2809 1615 2862 ittonasteriom
1643 2811 1733 2866 litan-

96 2902 191 2960 tafpe,
214 2905 412 2969 amnem„
441 2914 504 2960 vota
529 2905 701 2975 supplicum,
726 2917 755 2961 et
776 2907 893 2961 maxime
942 2895 1044 2959 viense,
1061 2895 1198 2965 sitellaque
1216 2895 1268 2950 alia
1283 2898 1454 2960 monasteria,
1472 2915 1521 2953 nee
1546 2917 1599 2956 non
1621 2910 1649 2957 et
1664 2904 1735 2958 basi-

96 2995 252 3050 ofiqodoxa
283 2995 334 3051 tide
363 2994 531 3063 surgentium,
551 3002 580 3050 ui
599 2996 636 3050 im
656 2995 811 3065 provirione
839 3005 893 3050 rra.
942 2987 1735 3062 licadomniblareelli‚etirrnumerain0rientispartilrus

96 3094 204 3140 clames
233 3101 327 3141 eorum
365 3085 559 3154 petitionibus,
587 3086 764 3141 libentissimo
801 3086 892 3141 animo
942 3078 1577 3150 monastelld,pl'0pllibl31tlet'l'tlollllllll'llcilltl
1593 3097 1736 3141 servilltlttt·

97 3174 223 3230 voluimus
260 3173 384 3230 allectum
422 3176 586 3244 mancipare.
630 3175 761 3242 Quoniam
808 3164 1100 3248 igiteGCririlegiis.
1123 3171 1259 3242 Erqouuo
1283 3174 1490 3243 conspirationis
1516 3191 1660 3247 comensu,
1688 3179 1734 3234 bei

97 3263 230 3332 ebriosos
250 3264 364 3321 doninus
390 3266 540 3322 clodoveus
563 3281 622 3335 rex,
649 3276 678 3322 et
703 3267 744 3321 vir
768 3266 888 3324 inlustris

99 3352 221 3424 Pipitrus,
250 3355 469 3425 major-domus,
494 3357 539 3425 pie
552 3355 662 3430 [Dacb.,
677 3355 737 3429 prol
762 3356 887 3426 religiosa

97 3448 279 3506 sollicitudine
302 3449 444 3518 perspicue
471 3449 549 3505 nobis
574 3449 726 3520 postulasse
737 3459 887 3506 noscuntur

98 3547 132 3595 ut
145 3541 312 3610 privilegium
328 3543 493 3599 trtorrerterio
507 3541 637 3604 Putiolos,
651 3545 677 3599 in
692 3552 768 3599 rasta
797 3544 888 3605 berit.

98 3630 391 3687 inbonorebeatornm
406 3633 591 3702 apostolorum
606 3631 679 3689 Petri
708 3643 735 3691 et
758 3632 834 3689 Pauli
863 3644 890 3688 et

98 3721 188 3775 sancti
204 3719 334 3777 lobannis
350 3722 468 3790 baptiste
491 3733 519 3778 et
532 3725 618 3779 saneti
629 3724 760 3780 iohannis
772 3739 890 3790 evattgr·

98 3808 173 3877 liete,
185 3825 232 3866 sen
244 3819 271 3866 et
281 3811 400 3866 omnium
412 3821 580 3878 sanctorum,
593 3828 607 3867 a
619 3814 678 3869 viro
688 3814 892 3883 religiosissimo

99 3914 195 3962 saneto
210 3909 355 3966 berchario
368 3924 378 3948 ι
391 3911 437 3965 ubi
450 3919 478 3964 et
491 3911 549 3981 ipse
562 3910 647 3965 abbas
657 3925 766 3980 preesse
777 3911 891 3977 ridetur,

99 4010 135 4051 cr
150 3996 332 4053 munibcent'a
341 4000 629 4068 quondameildcrici
642 4002 712 4069 regis
724 4011 890 4066 constructo,

100 4100 150 4141 reu
165 4095 192 4141 ct
215 4087 270 4142 a'io
286 4091 452 4146 monasterio
467 4092 616 4161 puellarum
632 4091 655 4156 i,
679 4108 760 4161 super
784 4093 892 4147 borium

103 4174 287 4242 ligoreetiatn
299 4188 326 4232 et
336 4177 403 4233 brea
417 4178 525 4251 iducis,
536 4179 618 4247 [trial.
629 4183 654 4236 in
666 4183 796 4250 Derro,in
813 4184 892 4238 linem

100 4263 210 4336 lilaea,
227 4266 289 4338 line]
303 4267 507 4335 Flacitriaciuse,
522 4271 592 4340 quod
608 4272 768 4327 Virritrtrerus
782 4273 867 4344 illarii
882 4314 890 4336 ,

102 4352 894 4434 Waituerusletcnnjussuavualtildislbucb.,Waltidisbis

942 3271 1021 3329 nutu,
1034 3263 1232 3320 antedictorum
1247 3272 1351 3333 patrum
1363 3263 1519 3333 rel'qionem
1532 3277 1685 3334 pen-antes,
1699 3270 1734 3323 iia

943 3354 977 3409 ab
991 3353 1116 3409 omnibus
1130 3353 1269 3409 decretum
1288 3359 1340 3417 est,
1355 3360 1386 3408 ut
1409 3353 1509 3410 nnllam
1523 3355 1736 3413 dominationem

944 3459 995 3501 nos
1007 3458 1233 3512 successori-sque
1245 3444 1330 3498 nostri
1343 3444 1369 3498 in
1378 3447 1560 3517 suprascripta
1572 3452 1736 3506 nrouasterit

944 3536 1063 3592 virorum
1077 3549 1124 3590 seu
1139 3534 1289 3606 puellarum
1301 3534 1442 3604 virginum.
1453 3537 1498 3592 ubi
1509 3552 1572 3594 sunt
1587 3555 1736 3612 cortpreqa·

945 3627 975 3688 ti,
990 3624 1062 3695 quod
1089 3639 1137 3695 pro
1150 3626 1237 3680 salute
1249 3626 1399 3679 anirnnrurn
1414 3642 1522 3682 suarum
1539 3630 1673 3698 predictus
1698 3635 1738 3687 vir

944 3716 1103 3773 Bercltarius
1120 3724 1148 3771 et
1158 3716 1328 3781 Vnaimerus,
1343 3732 1390 3771 seu
1404 3727 1433 3772 et
1446 3719 1546 3788 conjnx
1557 3738 1605 3776 sua
1623 3723 1737 3779 vualtil-

943 3807 995 3867 dis,
1009 3821 1062 3860 una
1078 3808 1180 3876 pariter
1193 3808 1379 3863 construxisse
1399 3820 1558 3879 noscuntur,
1576 3816 1735 3883 trabearum,

944 3898 1071 3965 quatinus
1083 3898 1122 3953 eis
1137 3897 1246 3954 liberius
1260 3898 1352 3965 liceat,
1380 3901 1437 3956 lleo
1450 3903 1570 3969 jurante,
1586 3908 1645 3963 sine
1657 3910 1739 3980 impe·

946 3988 1068 4042 dimente
1083 3986 1123 4041 rei
1142 3987 1517 4059 alicujus,contemplativam
1532 3995 1736 4065 itinerantium

945 4085 973 4130 et
988 4093 1049 4131 cum
1063 4096 1067 4145 Ι
1080 4085 1139 4132 ater
1160 4080 1317 4134 morrasterli
1328 4080 1408 4135 brerit
1423 4083 1457 4138 de
1481 4085 1574 4140 secolo
1597 4100 1737 4157 evocatus,

945 4184 1026 4239 quem
1042 4169 1205 4225 unanimiter
1229 4171 1316 4226 otonis
1340 4175 1513 4244 corrqregatto
1538 4175 1656 4247 ipsorum
1680 4197 1738 4236 sor·

945 4276 1041 4315 rorutn
1056 4260 1104 4314 [tei
1121 4259 1309 4331 undecumque
1322 4263 1372 4319 sibi
1386 4264 1488 4334 optime
1517 4269 1635 4339 requiam
1661 4287 1738 4326 coru-

946 4360 1049 4420 pertam
1064 4351 1206 4420 elegerint,
1220 4354 1355 4411 seniorem
1371 4357 1422 4411 sibi
1438 4357 1615 4430 abbatemque
1633 4367 1737 4420 consti·

102 4445 733 4523 erinfreletdomnusllercbariusabbasparitur
747 4434 933 4520 construas-D
946 4454 1042 4510 illinit
1058 4460 1105 4499 ⁵⁰¹¹
1118 4455 1214 4501 0¹⁰¹¹¹¹¹
1231 4457 1318 4504 mater
1335 4450 1466 4518 virdinum
1480 4452 1513 4509 de
1536 4455 1627 4512 seculo
1653 4456 1738 4514 sterit

104 4537 340 4606 runt,iuquotoco
356 4540 410 4595 [ico
425 4543 463 4614 lb.
485 4559 509 4596 t.
525 4545 609 4598 deest.
622 4559 665 4614 ap.
680 4542 775 4614 baelil
790 4558 894 4599 sacrata

106 4627 246 4688 vualtildis
266 4643 354 4690 mater
383 4649 444 4692 esse
466 4637 570 4692 ridetur
593 4638 735 4693 utultaruni
762 4638 894 4710 virginum

103 4824 176 4882 adeo
189 4827 282 4883 similis
296 4837 338 4885 est
352 4838 382 4884 ut
402 4847 482 4887 nemo
495 4849 548 4889 non
562 4849 596 4888 en
606 4833 699 4888 eadem
714 4832 820 4888 oliicinn
831 4849 895 4956 gro-

104 4894 186 4952 diisse
197 4896 368 4967 judicaverit.
385 4901 497 4968 Utrique
511 4901 589 4957 eldaa
608 4913 650 4957 est
673 4912 736 4957 nota
754 4903 816 4956 astiti
848 4903 894 4969 et,

104 4979 167 5021 cum
183 4967 233 5021 bac
245 4967 301 5022 sola
315 4969 504 5040 discrepantia,
522 4973 595 5040 quod
611 4974 684 5040 prior
696 4973 841 5027 indictione
855 4990 893 5036 rr,

104 5038 242 5104 posterior
255 5037 400 5094 indictione
415 5056 432 5094 tt
454 5042 540 5095 niinus
556 5041 684 5109 feliciter,
698 5042 758 5097 data
778 5042 893 5097 dicatur.

106 5105 214 5161 Falsum
229 5107 345 5176 produnt
357 5107 488 5174 lormube,
503 5110 598 5182 stylus,
613 5120 683 5165 note
697 5112 895 5179 chronologice

104 5177 329 5231 errbscribenrium
343 5180 463 5243 nomina,
474 5189 502 5234 et
516 5183 663 5248 praesertim
679 5180 803 5251 llnlulpbi
819 5184 896 5239 noris

106 5247 294 5313 lotharingiae.
312 5245 349 5301 [le
368 5248 408 5301 bis
429 5249 552 5303 erunibus
567 5249 625 5304 lose
646 5249 761 5305 diximus
784 5255 810 5306 iu
825 5256 896 5311 tratis

104 5313 274 5370 altbertum
289 5316 400 5370 alteram
414 5333 493 5387 supra
510 5331 695 5374 memoratam.

142 5393 154 5419 ι
169 5384 274 5438 liditum
286 5401 301 5438 a
315 5387 456 5454 Dacberio,
472 5389 563 5457 spicil.
581 5399 601 5444 ι.
617 5389 649 5452 Χ,
666 5404 727 5460 pag.
742 5390 805 5459 bel,
817 5391 894 5460 jutta

104 5455 288 5523 apographum
305 5471 338 5509 ex
362 5457 526 5513 clrartulatio
542 5460 667 5514 [ternensi
683 5462 871 5528 depromptum
886 5480 893 5528 ;

106 5537 158 5577 nos
178 5538 211 5578 ea
227 5529 285 5591 ipso
299 5524 465 5592 chartttlario
475 5529 675 5598 descripsimus,
702 5541 730 5584 et
744 5533 895 5587 recudimus

105 5593 301 5662 discrepantias
316 5594 440 5651 lectionis
450 5597 622 5652 [trclterirnae
634 5601 704 5653 inter
718 5616 812 5656 uncos.

105 5656 157 5788 eh:
168 5669 188 5744 tt
201 5678 266 5788 ¹tloce
279 5665 419 5735 episcopali
433 5667 466 5722 ad
482 5665 639 5723 Bertoendna
649 5673 744 5724 desunt
759 5673 827 5741 apud
844 5671 895 5726 lla·

157 5750 199 5789 rm
218 5751 238 5788 r.

313 5824 451 5888 Peritos.
478 5829 683 5911 cxxxvlii.

946 4544 1070 4600 evocata,
1080 4538 1427 4604 quamunanimiteromnis
1435 4551 1607 4613 congregatio
1618 4548 1736 4619 ipsarum

946 4624 1103 4680 aucilarutn
1126 4627 1227 4683 Christi
1239 4628 1428 4699 undecumque
1442 4631 1491 4687 sibi
1503 4635 1604 4706 optime
1617 4639 1737 4709 regulam

984 4835 996 4864 ι
1014 4825 1116 4882 videsis
1129 4840 1188 4895 quae
1202 4827 1236 4882 de
1252 4827 1396 4884 berchario
1416 4829 1533 4886 diximus
1556 4832 1583 4886 in
1611 4836 1681 4891 notis
1704 4837 1737 4891 ad

946 4896 1067 4951 cbartam
1077 4895 1164 4952 lleob.
1178 4896 1299 4965 lliplotna
1311 4898 1454 4955 childerici
1467 4900 1499 4961 ll.
1512 4917 1562 4974 pro
1572 4908 1739 4960 monaterio

947 4966 1075 5021 [lercensi
1091 4966 1270 5022 etbiiruimus.

982 5042 994 5074 ⁴¹
1012 5036 1049 5089 be
1063 5035 1115 5090 boe
1130 5037 1278 5104 puellarum
1292 5041 1459 5095 inertastorio
1471 5041 1510 5096 sic
1520 5053 1739 5098 commentamur

946 5116 1071 5160 auctore·
1086 5107 1164 5160 Nor-e
1178 5106 1270 5161 Gallia*¹
1281 5106 1450 5173 Christianae,
1464 5121 1528 5164 tom.
1544 5113 1589 5172 lb,
1604 5114 1658 5169 col.
1675 5112 1737 5169 907:

949 5179 1071 5230 «Praeter
1085 5177 1203 5230 uirorum
1219 5180 1410 5231 monasterinm
1420 5181 1500 5243 ,aliud
1512 5183 1593 5237 etiarn
1605 5184 1738 5251 puellare,

947 5248 1018 5301 baud
1034 5245 1124 5314 procul
1141 5261 1155 5297 a
1172 5247 1270 5311 llerro,
1283 5248 1374 5302 itidem
1386 5252 1419 5301 ad
1438 5249 1560 5317 ligeram
1573 5255 1659 5307 etexit
1675 5253 1741 5310 ller-

946 5317 1064 5376 clrarius,
1080 5315 1130 5367 sub
1146 5316 1295 5385 patrocinio
1308 5318 1337 5369 il.
1355 5318 1455 5382 blariae,
1471 5322 1581 5374 fundum
1608 5328 1739 5392 repperti.

947 5395 1021 5439 terite
1050 5385 1133 5439 nobil
1170 5400 1202 5440 ae
1226 5387 1361 5455 incipite
1383 5397 1508 5444 ttratrorta
1530 5389 1660 5448 Waltilde
1691 5413 1741 5452 no·

946 5457 1064 5510 mine...
1080 5452 1205 5508 Exci-nm
1217 5463 1257 5508 est
1279 5459 1403 5511 arannis
1422 5460 1529 5514 circiter
1550 5463 1740 5532 septingentis,

946 5527 992 5581 sed
1010 5527 1084 5580 locus
1096 5524 1140 5578 ubi
1156 5525 1261 5579 exstitit
1276 5524 1357 5580 hodie
1373 5529 1501 5596 puellaris
1514 5538 1673 5591 monisterii
1690 5553 1740 5590 no-

946 5611 1008 5720 ιόιὲη
1023 5597 1132 5675 retinet,
1159 5610 1209 5650 utra
1231 5604 1333 5651 tanum
1354 5595 1430 5652 leuca
1443 5600 1553 5656 dissitus
1577 5615 1592 5655 a
1614 5607 1741 5665 ccenobio

988 5681 1085 5721 riensi.

1538 5834 1577 5895 db
