3810 6128
130 224 177 278 8ll
711 227 831 280 stabit
852 222 1007 278 silibiiith
1030 225 1173 309 atttttlts
1695 220 1748 278 pp,

130 338 174 406 qm
189 335 220 390 al
235 338 304 391 lianc
319 337 468 391 alticulatus
487 344 514 390 ct
528 335 672 404 castigatus
686 344 727 389 cst
740 334 907 389 columnam.
924 334 946 388 A
961 332 993 385 ad
1006 333 1204 403 etpeditinnem
1216 333 1364 390 faciendam
1380 334 1463 388 multa
1491 333 1649 405 populomm
1665 332 1748 388 millia

130 427 188 494 (loo
202 429 292 483 audito
306 429 349 484 tlte
370 428 555 483 stolidissimus
567 427 755 489 homunculus,
766 424 845 481 valde
855 416 909 480 ira·
963 421 1079 492 undique
1097 422 1292 478 conveniebant
1312 423 1438 491 collecta,
1465 424 1538 480 illam
1553 423 1685 481 accedens
1707 425 1748 480 ln·

132 528 174 573 tos
187 527 279 574 contra
301 495 486 573 insensibilem
500 532 567 581 rem,
581 516 667 570 sancti
685 514 845 572 confessoris
861 513 912 570 lor·
964 511 1045 567 travit
1064 512 1091 566 in
1118 511 1226 567 domum
1239 512 1329 582 inqua
1342 528 1422 582 supra
1439 522 1587 569 memorata
1599 525 1763 570 marmorea·

131 609 241 673 nudam,
255 607 398 675 instigante
408 604 525 671 diabolo,
535 606 628 660 lancea
642 606 782 675 percussit.
797 604 861 671 erae
874 604 912 659 vi·
963 610 1050 658 exstat
1074 601 1197 658 colttmna
1226 602 1253 656 in
1277 616 1308 658 se
1335 602 1420 658 sancti
1444 601 1606 659 cnnlessoris
1640 599 1750 674 Georgll

131 698 229 753 delicet
243 697 361 766 ejusdem
377 695 519 750 adversarii
533 696 639 765 lancea,
651 696 726 765 quasi
741 712 789 767 per
803 696 911 768 globum
964 693 1066 748 hahens
1090 693 1223 764 depictam
1257 692 1410 763 imaginem,
1446 693 1479 749 ad
1506 709 1586 765 qnam
1612 694 1692 764 quasi
1714 697 1749 748 ad

131 787 199 841 ulvis
213 785 318 840 mullcm
334 799 430 839 mrum
446 785 471 839 in
487 785 594 840 modum
608 783 687 840 iacilc
701 793 859 856 pendens,
875 785 914 840 la·
963 793 1121 853 praesentem
1145 781 1289 851 Georgium
1318 782 1390 852 loqui
1411 783 1493 853 coapta
1515 784 1678 841 dicenstlie
1703 784 1749 840 tihi

131 877 235 944 pideam
256 874 328 928 illam
352 872 497 942 periuravit
520 874 675 930 columnam
699 873 914 944 exterioriparte
963 871 1080 939 Georgia
1094 871 1378 929 mntcssouetmeum
1393 873 1751 943 commendacqaometut

29 1008 32 1013 ,
130 965 207 1032 ojus:
224 961 300 1033 cujus
318 963 417 1018 lcrrum
440 965 552 1018 interius
565 964 698 1020 inlucrcus
712 973 848 1019 retentum
861 972 912 1030 est,
965 977 1012 1031 per
1022 959 1304 1016 oratiouemvirtutum
1315 967 1419 1015 tuarum
1431 961 1465 1017 ab
1476 963 1605 1020 universis
1619 964 1749 1020 bellorum

131 1073 182 1112 nec
201 1073 318 1127 unquam
337 1072 446 1133 quoquo
474 1056 554 1112 modo
578 1056 678 1111 retrahi
701 1056 798 1125 potuit.
813 1054 914 1109 liastite
965 1061 1045 1120 atqua
1068 1050 1234 1115 morborum,
1262 1063 1447 1122 aquarumque
1469 1052 1596 1122 periculis
1632 1054 1748 1114 liberali.

132 1157 220 1202 autem
237 1147 271 1201 ad
295 1147 380 1201 sancti
404 1146 526 1201 collisum
547 1145 709 1201 confessuris
737 1159 913 1198 marmoream
964 1144 1043 1196 aanto
1068 1141 1138 1197 hauc
1167 1154 1255 1210 usque
1280 1141 1372 1196 urbem
1400 1150 1462 1211 post
1488 1143 1668 1213 expeditionis
1685 1155 1751 1199 tem-

130 1235 327 1308 imagunculam
343 1237 461 1292 exterius
473 1237 641 1292 conlraetnm
656 1244 706 1291 est.
722 1233 795 1288 lilius
807 1247 914 1303 quoque
966 1249 1015 1304 pus
1047 1233 1194 1289 incolumes
1217 1232 1319 1288 reversi
1341 1231 1528 1302 pervcniaaus
1543 1252 1551 1301 ;
1565 1242 1593 1289 et
1618 1233 1641 1289 si
1657 1235 1705 1290 tibi
1715 1236 1750 1290 ita

131 1327 227 1383 miselli
241 1326 529 1394 homuncioniseq..us
542 1340 595 1394 quo
612 1324 733 1392 sedehat,
749 1321 843 1378 eodem
858 1336 915 1375 arto·
967 1324 1036 1377 lteus
1066 1322 1219 1377 misericors
1246 1331 1365 1378 nostram
1395 1322 1581 1379 reversionem
1612 1322 1751 1380 donaverit

132 1426 223 1474 ruento
237 1418 285 1472 sub
300 1431 332 1471 eo
347 1417 373 1470 iu
392 1415 544 1486 pavimento
558 1414 654 1468 domus
668 1412 766 1468 cecidit
780 1420 913 1466 mortuus.
965 1427 1124 1483 prosperare
1144 1411 1288 1468 secundum
1317 1413 1453 1483 optionem
1481 1422 1580 1468 nostrae
1602 1405 1749 1484 parvitatis,

130 1508 191 1578 ipe
205 1516 292 1561 autem
312 1505 390 1561 simul
405 1504 524 1559 misellus
548 1505 573 1558 ιιι
590 1512 687 1558 terram
702 1502 810 1564 cadens,
822 1516 916 1556 manus
958 1519 1015 1573 ego
1037 1504 1107 1558 laurac
1121 1518 1227 1570 uacum,
1249 1518 1328 1574 quem
1351 1501 1429 1557 valde
1445 1515 1521 1567 amo,
1536 1516 1645 1573 equun,
1666 1504 1750 1576 lpsnrn

133 1602 158 1651 ln
171 1598 242 1653 itiam
257 1611 432 1652 marmoream
448 1595 518 1651 misit
532 1594 694 1660 columnam,
708 1595 820 1663 ejuque
830 1591 915 1660 digiti,
956 1594 1013 1649 vtibi
1029 1608 1078 1665 pro
1097 1607 1210 1649 munere
1234 1593 1390 1649 donandum
1412 1590 1524 1651 oderam
1554 1595 1581 1647 in
1605 1604 1752 1667 conspectu

80 1712 81 1717 ¹
128 1692 209 1761 quasi
224 1691 250 1746 in
266 1689 376 1760 palmea
392 1686 432 1744 ιιι-ι
444 1688 501 1743 loto
512 1689 660 1755 intrantes,
675 1688 702 1742 in
718 1686 841 1743 camdem
857 1685 954 1768 ¹imqg
968 1693 1019 1740 tua
1046 1685 1230 1752 assignaturus
1244 1684 1377 1740 formulae.
1399 1685 1449 1754 Qui
1471 1687 1650 1745 seranunculit
1678 1686 1753 1743 ocltu

129 1781 216 1850 pressi
228 1780 315 1835 colum
336 1794 379 1834 aiu
393 1779 565 1834 inhaeserunt.
577 1775 654 1844 Quod
662 1776 757 1833 videns
766 1775 915 1845 miser,.qui
968 1774 1118 1830 teminatis
1131 1774 1241 1829 domum
1266 1787 1401 1842 egressus,
1418 1776 1487 1831 iuter
1512 1777 1645 1833 exercitos
1663 1775 1752 1832 multi-

131 1870 268 1924 retrabere
278 1868 390 1923 duarum
402 1867 499 1938 digitos
512 1881 637 1920 manuum
648 1865 788 1922 adsenon
798 1872 914 1934 poterat,
966 1864 1085 1920 tudinem
1108 1879 1168 1919 cunt
1193 1865 1298 1920 caeteris
1331 1866 1567 1924 contubernalibus
1599 1884 1754 1925 commeans

128 1961 197 2015 etin
214 1973 364 2014 marmorea
384 1957 470 2013 sancti
492 1954 840 2012 coulessorisfinbaereutes
863 1953 916 2010 lor·
956 1953 1035 2011 —ldem
1045 1955 1200 2020 homuncio,
1210 1955 1426 2028 inexpeditiouis
1435 1958 1563 2013 eoraaitatu
1574 1961 1699 2028 emigrat,
1708 1961 1755 2031 qui

131 2050 203 2105 arsula
225 2049 366 2118 colligatos
379 2057 406 2103 ct
430 2047 556 2111 insertos,
579 2062 678 2103 nomen
704 2046 751 2101 bel
770 2047 864 2102 aeterni
888 2054 916 2102 et
965 2044 1127 2116 priusmulta
1137 2044 1273 2101 etdiversa
1285 2047 1379 2103 bellica
1392 2048 1509 2119 pericula
1520 2048 1753 2119 interquemisella

130 2137 429 2211 ciusdemconlessoris
450 2150 532 2206 agens
553 2135 739 2208 poenitentiam
753 2137 870 2202 invocat,
888 2144 916 2190 et
965 2133 1141 2204 plurimorum
1169 2133 1254 2188 millia
1281 2134 1518 2205 homunculorum,
1543 2152 1603 2208 quac
1615 2147 1754 2196 constrata

131 2240 162 2287 nt
174 2230 208 2286 ab
221 2229 315 2286 eodem
330 2228 515 2284 absolveretur
530 2225 637 2282 uinculo
659 2224 842 2297 illacrymatus
855 2239 916 2295 pre·
964 2225 1152 2296 disperierant,
1178 2225 1234 2296 ipse
1248 2226 1274 2280 in
1293 2229 1388 2283 colem
1400 2244 1449 2284 sno
1460 2231 1557 2286 sedens
1569 2230 1670 2287 dilecto
1683 2247 1755 2302 equo

130 2331 217 2378 catur.
233 2319 317 2389 eram
336 2321 394 2388 eins
409 2319 585 2390 lacrymosam
602 2315 795 2387 poenitudinem
809 2315 914 2371 miseri·
965 2315 999 2371 ab
1022 2316 1145 2372 omnibus
1168 2317 1271 2372 in”estis
1295 2318 1401 2372 casibus
1414 2318 1491 2388 iuxta
1511 2334 1591 2390 supra
1620 2333 1754 2376 memora-

132 2428 193 2469 cors
207 2411 335 2467 bantinus
359 2409 516 2479 suscipiens,
543 2409 588 2476 qui
610 2423 663 2462 nou
687 2407 744 2463 vult
766 2405 917 2477 peccatoris
958 2413 1019 2460 tam
1047 2405 1126 2461 talem
1141 2415 1283 2477 exemptus
1296 2409 1567 2475 commendationem,
1587 2411 1754 2466 christicola

132 2508 256 2568 mortem,
269 2499 315 2557 sed
331 2507 360 2555 ut
370 2504 543 2555 convertatur
563 2505 591 2551 ct
607 2495 693 2561 vivat;
709 2508 763 2548 ιιοιι
778 2493 867 2548 solum
882 2493 916 2548 ab
966 2495 1095 2566 Georgio,
1110 2497 1165 2553 lieo
1175 2498 1356 2565 condonante,
1368 2501 1400 2554 ad
1415 2500 1560 2571 Diospolim
1573 2514 1702 2572 prospere
1712 2513 1754 2556 re·

131 2594 178 2649 illo
189 2591 313 2662 praesenti
328 2602 478 2645 marmoreo
491 2587 588 2643 visibili
609 2587 725 2643 absolvit
739 2586 856 2654 vinculo,
867 2585 916 2641 sed
966 2589 1080 2643 vertitur
1095 2627 1104 2654 ,
1131 2587 1257 2658 illamque
1279 2591 1388 2645 clnmum
1402 2591 1428 2646 ln
1453 2601 1512 2661 qua'
1523 2590 1645 2662 ejusdem
1668 2595 1754 2648 uncti

130 2685 214 2737 ettam
239 2695 254 2735 a
282 2687 453 2751 peccatoram
475 2676 651 2733 invisibilibus
670 2676 848 2746 alligamentis
865 2674 916 2730 fide
966 2676 1127 2734 contessoris
1141 2677 1289 2735 habebatur
1303 2682 1400 2750 imago,
1422 2680 1648 2739 secumdnierens
1661 2697 1754 2739 aurum

132 2772 262 2827 salvatum
286 2770 447 2827 subveniens
467 2769 677 2825 miser3corditer
699 2767 832 2824 liberavit.
848 2766 917 2824 llinc
966 2767 994 2822 in
1019 2767 1080 2837 equi
1107 2770 1222 2838 previum
1238 2771 1290 2838 sui,
1305 2774 1450 2839 gaudenter
1461 2773 1553 2840 intrat,
1577 2783 1754 2845 sanctumque

133 2864 224 2932 itaque
238 2862 378 2918 manifeste
389 2859 538 2916 ostenditur
549 2868 657 2929 quanta
667 2867 695 2915 et
705 2859 791 2930 qualis
806 2859 916 2916 honori·
966 2859 1110 2929 Georgium
1120 2875 1153 2916 ac
1163 2861 1186 2917 si
1197 2871 1355 2943 presentem
1368 2865 1523 2953 alloquitur,
1535 2868 1626 2923 dicens
1638 2887 1645 2922 :
1657 2868 1755 2924 Sancte

133 2955 246 3011 tlcentiae
267 2951 346 3008 haesit
360 2952 430 3024 apud
444 2951 526 3007 ὓοιιιιι
548 2951 679 3020 Georgius
703 2965 768 3007 suus
782 2950 854 3007 inter
864 2958 916 3006 tor·
966 2951 1115 3018 conlasor,
1146 2954 1200 3008 lieo
1226 2967 1328 3010 aeterno
1351 2965 1441 3025 grates
1465 2957 1623 3028 relerequi
1650 2975 1693 3014 me
1706 2976 1754 3030 per

130 3053 222 3100 menta
235 3043 386 3107 consessor,
399 3043 477 3110 cujus
492 3042 656 3097 thoracleam
672 3040 782 3114 [Gaetu.
797 3039 916 3097 thoracl-
930 3054 953 3118 c
969 3045 1020 3092 ιιι
1032 3035 1197 3092 celsitudinis
1208 3036 1396 3094 llrmitudiaem
1413 3042 1543 3100 orationis
1556 3043 1685 3112 sospitem
1710 3059 1754 3099 rc·

131 3135 205 3208 alain]
220 3137 246 3192 in
259 3146 392 3192 retentura
408 3135 603 3206 impenetrabili
615 3136 809 3205 penetrabilem
822 3142 914 3206 poten·
967 3125 1052 3180 duxit.
1070 3124 1215 3197 Propterea
1229 3128 1279 3183 laos
1298 3128 1345 3183 tibi
1367 3130 1460 3199 viginti
1477 3132 1578 3187 solidos
1589 3123 1647 3187 auri
1660 3131 1753 3200 adero,

132 3226 215 3280 tentia
237 3223 311 3291 lecit,
324 3223 471 3292 lanceaque
497 3222 643 3278 adversarii
658 3239 736 3294 acque
754 3224 916 3280 naturaliter
964 3218 1027 3286 equi
1049 3218 1165 3289 pretium
1191 3220 1254 3286 mei,
1276 3235 1355 3290 quam
1373 3223 1423 3276 tibi
1451 3223 1564 3294 primule
1583 3225 1754 3282 commenda-

131 3312 535 3383 impenetrabilemmirabiliter
553 3311 914 3384 eliecitpenetrabilemdi·
965 3317 1020 3364 tum
1051 3310 1116 3367 mibi
1143 3327 1228 3382 usque
1257 3313 1284 3366 in
1309 3313 1466 3370 hodiernum
1492 3317 1657 3374 conservasti
1671 3316 1753 3373 diem.

132 3405 256 3473 gitosque
270 3401 388 3471 ciusdem
409 3400 562 3456 hnutu:.culi
577 3400 737 3459 inllrmosiu
760 3403 853 3460 eadem
867 3419 915 3459 na·
964 3401 1027 3458 llaec
1052 3399 1155 3468 dicens,
1180 3420 1261 3475 supra
1280 3405 1444 3476 descriptum
1470 3410 1527 3463 auri
1554 3409 1660 3480 pondus
1692 3421 1755 3466 ante

130 3503 190 3548 tura
206 3491 421 3563 impenetrabiles
437 3491 833 3563 potenterpenetrabileslecn,
846 3510 915 3564 quoa
964 3494 1045 3566 pede.
1055 3495 1140 3551 sancti
1150 3495 1269 3550 lormulec
1279 3498 1440 3552 contessoris
1451 3499 1573 3569 deponit,
1584 3501 1644 3571 plus
1654 3516 1754 3576 equum

128 3588 157 3642 la
171 3597 306 3641 mammae
321 3583 469 3642 vinculatos
483 3585 569 3657 prima
583 3592 612 3641 et
621 3585 768 3656 ipsednrns
777 3587 915 3645 retrabere
964 3604 1056 3644 amans
1082 3605 1160 3662 quam
1185 3605 1279 3643 aurum
1294 3606 1300 3642 :
1316 3597 1342 3644 ct
1371 3604 1496 3661 egressus
1523 3592 1594 3648 loras
1615 3595 1754 3666 ingenicu-

131 3694 186 3733 ιιοιι
211 3677 312 3748 potuit:
328 3676 374 3732 sed
397 3677 492 3733 eodem
517 3687 653 3734 momento
668 3679 744 3734 valdo
759 3679 915 3748 perterritus
964 3677 1063 3734 latione
1087 3680 1205 3748 expleta,
1228 3679 1280 3734 tale
1300 3679 1451 3750 jutaeoturn
1478 3696 1559 3752 stupra
1581 3682 1692 3753 sedens,
1719 3687 1753 3742 ad

132 3777 159 3822 et
170 3767 430 3836 exindemitigatus,
445 3770 578 3838 pmtiitens
596 3768 653 3825 lieo
665 3769 782 3826 donante
791 3772 912 3826 retraxit.
964 3768 1148 3839 emigrandum
1163 3769 1270 3840 instigat
1285 3769 1405 3839 quidem,
1422 3771 1468 3827 sed
1484 3774 1557 3828 nullo
1585 3773 1667 3831 modo
1693 3791 1753 3832 mo·

132 3856 228 3913 ilicum
242 3857 329 3913 dictu!
346 3872 430 3928 usque
452 3859 478 3912 ιιι
493 3859 653 3915 hodiemum
678 3858 748 3916 diem
763 3861 857 3918 eadem
873 3862 914 3919 bis
964 3862 1020 3917 veri
1044 3863 1141 3932 potuit.
1153 3861 1229 3930 Quod
1240 3862 1284 3918 ille
1297 3861 1474 3919 homunculus
1487 3865 1591 3936 videns,
1613 3868 1753 3926 descendit

130 3949 273 4019 quinorum
287 3947 345 4019 ejus
355 3948 466 4018 vestigia
481 3949 624 4019 digitorum
639 3962 769 4022 apparent
783 3955 915 4023 usquead
963 3952 998 4009 dc
1008 3968 1087 4022 equo,
1102 3967 1275 4022 reversusque
1289 3954 1398 4009 duanam
1413 3955 1506 4022 intrat,
1518 3954 1642 4027 aliosque
1654 3955 1750 4015 decem

130 4041 242 4100 radices.
260 4040 285 4092 in
305 4034 455 4095 marmorea
470 4039 629 4095 insertorum
648 4042 771 4098 columna
787 4061 794 4097 :
809 4046 833 4098 in
847 4059 914 4114 quo·
964 4041 1041 4099 adeat
1068 4044 1179 4112 solidos,
1207 4044 1329 4114 inquiens
1343 4061 1350 4098 a
1365 4043 1464 4100 Sancte
1485 4044 1639 4112 conlessor,
1672 4061 1752 4103 man-

129 4143 189 4186 sum
205 4130 385 4185 lotosauetus
408 4129 532 4185 drcullus
554 4133 853 4204 suosdenosproprios
873 4133 914 4189 iu·
963 4148 1054 4192 snmus
1080 4136 1187 4206 quidem
1217 4127 1283 4192 mihi
1305 4138 1388 4208 equiti
1420 4146 1491 4193 tutor
1518 4138 1546 4193 in
1579 4137 1752 4208 expeditione

131 4228 214 4274 scrut
233 4220 341 4288 digitus,
356 4219 480 4275 similiter
492 4221 526 4275 ad
543 4222 651 4277 >radices
676 4237 760 4292 vasque
774 4224 913 4280 intrantes.
964 4227 1033 4282 iuer
1055 4227 1174 4297 pericula
1201 4226 1291 4294 haisti;
1314 4227 1362 4284 scd
1380 4237 1483 4296 tamem
1505 4238 1534 4284 ut
1548 4229 1640 4296 video,
1668 4233 1752 4287 dorm

130 4306 253 4370 Easdem
266 4322 375 4380 quoque
388 4310 541 4366 homunculi
555 4313 662 4380 sanguis
675 4313 746 4383 equi,
758 4314 834 4383 cavius
847 4331 914 4370 coxa
963 4328 988 4372 ct
1010 4332 1105 4372 avarus
1126 4332 1155 4373 es
1177 4317 1204 4374 ia
1217 4318 1380 4373 commercio
1394 4318 1465 4389 equi.
1481 4319 1542 4374 liae
1554 4317 1651 4375 dicens
1672 4335 1689 4374 a
1704 4336 1748 4374 su-

131 4398 157 4452 in
173 4399 327 4468 pavitneavto
347 4399 447 4454 mortui
462 4400 583 4455 cadentis
596 4402 624 4456 iu
643 4401 709 4457 duas
720 4403 858 4458 conlracta
871 4414 913 4459 est
928 4425 1012 4490 oper
1030 4427 1064 4464 ax
1088 4409 1188 4465 solidos
1208 4411 1348 4479 adjiciens,
1360 4409 1394 4464 ad
1415 4418 1536 4466 sanctum
1560 4410 1627 4466 dicit
1647 4411 1750 4466 eunies-

129 4499 231 4559 partea,
243 4489 489 4547 nullomodoablul
503 4499 549 4546 aut
562 4492 645 4548 deleri
659 4494 754 4562 potuit,
770 4495 816 4549 sed
836 4495 912 4549 imle-
966 4515 1073 4554 sorem:
1094 4498 1126 4553 Et
1139 4501 1188 4555 bos
1210 4500 1257 4554 tihi
1284 4500 1354 4554 addo
1377 4499 1488 4567 solidos,
1512 4508 1542 4555 ut
1569 4501 1635 4556 milri
1661 4501 1750 4573 placa·

131 4581 216 4636 letitia
231 4583 257 4636 in
273 4583 426 4651 pavimento
445 4582 541 4637 domus
554 4599 639 4653 usqne
653 4586 685 4639 sd
700 4596 792 4640 nostra
807 4602 914 4656 perma-
965 4590 1094 4653 bibebas,
1110 4601 1138 4645 et
1151 4605 1239 4644 meum
1249 4590 1283 4644 ad
1299 4590 1488 4644 ambulandum
1500 4590 1621 4645 resolvas
1640 4605 1749 4660 οιιιιιιιιι.

131 4681 175 4724 net
191 4681 310 4742 tempora
328 4673 396 4728 idem
415 4673 631 4744 eqninnscruor.
965 4679 1021 4735 lloc
1040 4681 1113 4735 dicto
1142 4695 1265 4749 egressus
1289 4679 1385 4735 iterum
1417 4679 1564 4736 ascendens
1587 4694 1697 4748 equum,
1717 4679 1749 4733 ad

166 4760 253 4813 Aliam
282 4775 389 4830 quque
430 4765 463 4816 de
490 4762 586 4817 eodem
610 4761 726 4830 Gcmgio
760 4762 913 4819 coaiessorc
964 4768 1106 4826 meandum
1129 4771 1307 4841 incitataqui
1330 4768 1560 4839 quasiiniiaosiu
1580 4770 1679 4826 eodem
1695 4777 1749 4824 sta·

130 4858 231 4905 certam
251 4851 408 4905 relationem
433 4853 510 4907 nobis
535 4862 646 4908 sanctus
661 4854 785 4911 decollas
807 4856 913 4910 lutima·
964 4863 1010 4918 hat
1033 4862 1102 4928 loco,
1130 4862 1273 4916 necetiam
1298 4874 1380 4916 uatum
1402 4867 1630 4932 poteratmoverc
1641 4859 1748 4932 pedena.

131 4941 178 5005 vit,
203 4952 283 5010 quam
297 4940 331 4992 ab
342 4940 461 5008 expertis
474 4941 632 5009 quibusdam
655 4942 721 4996 satis
733 4942 837 4998 idoneis
851 4958 913 4996 uar-
963 4951 1031 5020 Quid
1056 4952 1153 5021 plural
1172 4958 1232 5022 post
1246 4964 1344 5019 equum
1372 4965 1513 5006 ascensum
1536 4952 1752 5022 descensumque

129 5033 265 5089 ratoribus
292 5033 319 5087 br
347 5047 429 5102 supra
457 5042 603 5089 memorata
617 5034 912 5106 cmstautlaopotttana
962 5059 1011 5115 per
1046 5049 1161 5113 quatuor
1188 5041 1305 5112 singulas
1329 5042 1412 5110 vices,
1442 5044 1545 5098 intrans
1569 5042 1750 5110 domumde.

130 5124 197 5180 urile
220 5123 401 5179 indubitanter
426 5123 527 5188 didicit,
547 5123 594 5192 diti
619 5125 671 5180 ¹¹0⁰
695 5126 777 5180 modo
806 5125 840 5180 tia
867 5126 913 5181 iiio
962 5149 1021 5189 cem
1046 5148 1138 5189 secum
1165 5132 1267 5189 solidos
1289 5131 1413 5197 aderens,
1434 5139 1462 5188 et
1476 5131 1510 5188 ad
1521 5132 1688 5189 immobilem
1707 5149 1751 5190 re-

129 5223 223 5270 sancto
251 5211 406 5270 conlessore
430 5216 603 5283 pronuntiare
628 5216 699 5270 soliti
713 5225 799 5281 eraut,
823 5217 912 5272 dicen·
964 5237 1057 5279 versus
1082 5237 1198 5292 equum:
1223 5223 1319 5279 iterum
1342 5222 1368 5276 in
1396 5223 1505 5277 domum
1528 5236 1670 5293 regressus
1697 5223 1752 5280 huc

129 5313 180 5359 tes.
204 5304 315 5371 Quidam
330 5304 508 5360 homunculus
528 5306 663 5361 secularis
677 5307 820 5376 binspollm
847 5308 912 5362 cht-
964 5323 1045 5384 atque
1069 5314 1131 5369 illuc
1156 5313 1298 5369 currebat:
1313 5322 1341 5369 et
1362 5315 1453 5370 tandiu
1478 5313 1555 5372 illum
1574 5315 1646 5372 nulla
1674 5316 1753 5372 insti·

129 5401 211 5446 tatem
234 5395 259 5448 in
275 5409 345 5462 equo
367 5394 463 5449 sedens
474 5394 607 5464 ingressus
622 5410 656 5448 eo
670 5396 697 5449 ia
711 5404 830 5465 tempure
857 5411 912 5466 quo
963 5404 1072 5472 gatione
1086 5418 1224 5459 recitavere
1239 5411 1355 5473 poterat,
1380 5419 1517 5476 usquequo
1540 5421 1668 5464 numerus
1682 5404 1751 5462 soli-

166 5553 177 5578 ⁸
193 5543 335 5602 Grstscrus
349 5549 410 5614 legit
426 5547 539 5618 politice,
554 5550 670 5605 errem
685 5551 800 5608 orollltie.
