3810 6128
152 328 204 388 ⁸OE
542 373 546 379 -
656 333 700 390 DE
720 333 799 390 istil
819 331 941 390 sineri
961 333 1113 390 Mattllrtt.
1134 335 1199 391 titt.
1215 335 1257 390 111.
1716 342 1769 399 110

168 446 201 504 ee
218 443 271 502 ttae
283 453 424 501 contentus
444 445 501 518 agit
520 444 606 517 liquor
626 458 717 503 utras
732 450 838 520 expleat
852 448 928 512 illud,
944 451 971 507 ,1
1053 447 1190 520 Comperit
1199 458 1228 503 ut
1240 458 1348 504 sanctus
1361 449 1451 504 leralia
1461 451 1535 522 iussa
1549 455 1650 523 serapi,

218 536 281 592 riam
303 538 437 592 cumulata
450 537 504 593 olei
520 553 579 592 mox
595 539 688 595 delinit
703 541 772 594 iinda
786 556 913 610 superne,
1053 541 1188 610 Tempore
1199 542 1249 597 snb
1261 543 1346 597 noctis
1357 557 1427 597 saera
1442 545 1476 599 ad
1489 547 1612 612 praetoria
1625 548 1719 617 tendit,

217 627 270 684 lise
282 641 345 685 sese
359 643 424 683 arua
437 630 523 699 eapit;
547 638 618 684 lanta
634 636 677 686 est
696 632 845 716 lieuedictio
865 633 932 687 dex·
1053 634 1087 687 Et
1100 633 1206 702 pietatis
1217 633 1267 689 iier
1281 636 1355 689 solus
1367 644 1442 703 parat
1455 637 1494 692 ire
1506 639 1602 694 iiiior.

860 723 931 796 [tra.
1052 722 1176 779 l‘errenit
1190 734 1219 779 ut
1233 726 1324 779 senior
1336 741 1429 795 gressu
1445 730 1604 786 miseranter
1618 732 1731 799 anhelo:

219 809 416 879 lirundnnsqns
436 825 530 866 omncs
545 811 622 880 pueri
639 812 781 867 madefecit
794 812 916 869 amicius.
986 815 1034 871 ll5
1053 816 1188 872 Sternitur
1202 828 1264 871 anie
1280 817 1361 884 iores,
1377 835 1424 884 per
1444 821 1536 876 limina
1556 824 1613 877 dira
1628 826 1768 899 benignus,

218 903 249 957 Er
262 903 336 974 digiti
351 904 386 959 de
398 904 470 960 ionic
485 907 574 975 rigans
587 908 704 961 manauit
717 907 816 961 oliiuin
834 923 841 960 :
1052 910 1109 975 Qiia
1124 907 1333 976 recubatjudex,
1349 917 1472 978 torpente
1492 926 1588 981 sopore
1601 916 1731 982 sepultus.

170 996 201 1052 10
218 997 254 1051 lc
267 997 406 1066 postquam
422 996 521 1064 iurique
536 998 633 1051 lluriali
649 1013 725 1052 more
739 994 868 1066 cucurrit,
1054 998 1172 1069 Angelus
1187 998 1288 1053 interea
1300 1009 1426 1069 penetrat
1437 1018 1499 1056 mox
1513 1003 1597 1073 aliger
1615 1007 1714 1073 sulam,

217 1087 268 1143 Vas
280 1087 387 1153 plenum
403 1087 465 1142 ildei
481 1089 577 1142 merito
592 1098 711 1142 matrona
727 1089 839 1155 recepit.
1052 1092 1158 1146 lnionat
1173 1100 1200 1145 et
1214 1093 1306 1147 comiti
1321 1094 1477 1150 dormitanti
1492 1111 1539 1151 ore
1562 1099 1679 1155 minaci:

249 1176 304 1232 Nec
325 1178 412 1231 riiinus
426 1177 487 1232 iride
506 1178 578 1232 suiiit
589 1192 678 1232 rerum
694 1177 835 1232 admiratio
856 1177 927 1243 lacti,
1052 1183 1090 1237 Te
1105 1198 1186 1258 sopor
1198 1184 1241 1239 liic
1255 1186 1360 1251 retinet,
1375 1184 1501 1242 llariinus
1512 1198 1564 1244 stat
1579 1191 1654 1258 loris,
1670 1193 1766 1263 iuquit,

213 1264 285 1323 idem
303 1283 351 1322 ras
365 1270 481 1324 vitreum
505 1269 673 1325 benedictum
689 1270 778 1325 nobile
802 1269 930 1334 redderis,
983 1273 1034 1328 110
1054 1273 1092 1326 Tri
1109 1274 1199 1342 requie
1214 1274 1321 1340 irueris,
1336 1286 1362 1329 et
1373 1280 1486 1331 sustinet
1500 1279 1543 1334 ille
1560 1280 1685 1337 labores:

216 1361 280 1416 Cum
295 1375 362 1429 puer
375 1360 496 1415 incautus
516 1360 653 1428 posuisset
666 1360 692 1413 iii
714 1374 762 1414 ore
775 1357 911 1424 fenestra,
1052 1364 1166 1419 Molliter
1179 1365 1237 1434 ipse
1252 1376 1320 1428 toro.
1330 1367 1403 1436 jacet
1417 1354 1460 1423 ille
1473 1369 1501 1423 in
1512 1385 1645 1426 marmore
1654 1374 1723 1428 diro.

173 1449 200 1509 11
216 1443 321 1521 Utpote
334 1451 463 1506 carbaseo
477 1466 606 1507 venerans
621 1452 752 1507 uelamine
762 1460 875 1520 tectiriu,
1054 1456 1195 1511 Excutitur
1212 1457 1331 1525 trepidus
1342 1474 1402 1514 iiior
1414 1475 1447 1516 er
1462 1476 1560 1516 somno
1580 1463 1730 1528 Avitianus,

206 1544 381 1600 Ι1.ἱιιιιιι1ιιιιι
394 1544 507 1601 retrahit
519 1544 647 1599 lluirantia
663 1546 768 1599 nescius
784 1545 862 1611 alter,
1053 1547 1195 1603 llartinunr
1224 1548 1400 1614 exclamans,
1430 1550 1531 1607 lorilius
1565 1553 1695 1609 recubare
1726 1571 1767 1608 sa·

215 1638 298 1707 Lapsa
314 1639 467 1708 parimento
487 1638 603 1708 ampulla
619 1646 671 1693 stat
685 1652 821 1693 marmure
841 1649 929 1703 tenso,
1636 1641 1766 1714 [enituin:

215 1730 266 1789 Sed
280 1746 331 1787 nce
349 1745 413 1786 sara
428 1730 526 1787 ritiuui
549 1730 665 1801 perdunt
699 1743 748 1785 uec
762 1743 823 1784 iasa
844 1729 930 1798 liquo·
1053 1729 1167 1801 imperat
1182 1740 1209 1786 et
1230 1730 1336 1786 lamulis
1360 1742 1480 1787 reserent
1502 1742 1532 1788 ιιι
1548 1734 1664 1789 claustra
1678 1735 1766 1802 mato,

837 1820 904 1894 [rem
920 1837 929 1877 s
944 1787 968 1848 B
983 1818 1037 1877 115
1054 1821 1093 1877 Νι
1106 1836 1214 1878 servum
1228 1821 1326 1877 Cliristi
1340 1823 1522 1878 venerandum
1533 1823 1626 1894 injuria
1643 1837 1730 1881 ieret.

216 1916 319 1988 lnteqra
336 1924 469 1984 serretur,
493 1916 609 1971 rotiians
622 1915 698 1984 quasi
715 1914 816 1983 pensile
829 1913 928 1982 pluma.
1019 1905 1023 1911 ’
1053 1914 1121 1970 ilinc
1144 1913 1236 1969 lamuli
1263 1913 1377 1969 illudunt
1399 1913 1526 1983 domino,
1551 1917 1699 1984 crepitante
1719 1933 1766 1971 ca-

161 2007 201 2064 80
217 2011 265 2065 lut
275 2009 402 2064 subrecta
419 2009 484 2063 levis
496 2008 610 2079 geminis
622 2006 797 2064 descenderet
809 2007 876 2072 alis3
1644 2005 1764 2078 [eliinuo,

215 2099 343 2169 Nullaque
359 2099 425 2154 rima
437 2108 519 2169 patet,
532 2114 582 2155 nec
596 2099 664 2154 laeta
679 2099 782 2153 invase
804 2098 929 2168 cicatrix,
1052 2093 1176 2148 lliceutcs
1186 2091 1283 2161 euripidi
1303 2107 1333 2148 se
1347 2095 1450 2149 sumnia
1468 2108 1536 2148 rana
1551 2094 1640 2150 ridere
1653 2114 1660 2150 ι

215 2188 256 2243 Sic
270 2188 359 2259 liquor
379 2188 493 2243 interius
516 2186 580 2243 iacit
593 2189 726 2243 exteriora
741 2185 820 2253 tueri,
1051 2187 1104 2242 Pru
1117 2185 1219 2241 iuribus
1232 2186 1332 2241 iiulliim
1344 2185 1462 2241 residere
1474 2186 1514 2240 rel
1529 2201 1589 2242 esse
1600 2187 1729 2244 rirorirm.

216 2279 244 2334 lit
257 2293 336 2350 quem
353 2279 432 2333 tutari
449 2278 549 2343 decuit,
563 2294 611 2334 sua
630 2278 746 2348 regmina
763 2277 838 2345 texit,
1052 2277 1155 2339 liuram
1165 2276 1294 2345 precipui
1309 2277 1437 2344 premitur
1461 2292 1557 2332 somno
1568 2277 1729 2346 ilritiauiis;

216 2368 251 2426 lie
264 2370 332 2424 vitra
344 2369 501 2438 depereant,
517 2370 569 2426 olel
584 2355 704 2425 custodia
719 2378 819 2435 serrat,
982 2370 1033 2427 150
1053 2369 1167 2438 Angelus
1181 2367 1243 2423 inde
1256 2368 1340 2421 uirum
1352 2368 1493 2422 violentior
1507 2368 1604 2423 excitat
1620 2383 1730 2440 urgens,

144 2458 204 2514 85
218 2459 388 2527 inclususque
401 2459 496 2515 liiiinor
509 2459 644 2529 proprium
657 2459 777 2517 delendit
791 2461 930 2528 amictum,
1049 2459 1174 2515 Cuiicutit
1198 2466 1225 2513 et
1238 2457 1354 2529 qraiiter
1369 2473 1402 2513 iie
1416 2458 1524 2513 caderet
1538 2459 1595 2528 ipse
1609 2460 1714 2528 sopori:

217 2553 251 2606 lc
261 2550 380 2619 lraqmen
397 2549 490 2622 fragile
504 2553 596 2606 statuit
615 2551 766 2607 iieiiedictio
776 2551 854 2606 lorte.
1050 2551 1171 2606 Territus
1183 2548 1246 2604 liine
1258 2548 1350 2618 juder,
1365 2549 1432 2602 ultra
1444 2563 1530 2618 neque
1540 2549 1663 2605 credulus
1674 2549 1731 2614 ulli,

218 2641 296 2712 Culus
310 2641 433 2710 discipuli
450 2643 549 2709 pariter
562 2640 627 2697 duni
642 2642 793 2697 comminus
804 2642 885 2709 irent,
1053 2640 1213 2710 Postposiris
1228 2639 1344 2704 lainulis,
1359 2637 1431 2694 celer
1446 2639 1478 2693 ad
1492 2654 1540 2693 siis
1556 2639 1644 2694 limina
1659 2639 1765 2710 pergit:

218 2731 331 2788 litcariis
346 2732 488 2787 liorrillcus
500 2733 596 2787 latratu
619 2732 756 2788 insisteret
770 2734 875 2803 amplo;
1052 2732 1138 2802 ilique
1149 2730 1184 2785 ilii
1197 2729 1340 2784 llartiiium
1357 2727 1466 2798 reperit,
1479 2743 1528 2784 eeu
1546 2739 1668 2786 senserat
1690 2732 1765 2797 olim,

217 2821 287 2879 ilaus
301 2837 395 2878 amore
408 2824 463 2893 pio,
480 2824 623 2879 Martiniin
647 2825 765 2891 nomine,
782 2824 857 2890 dicit,
982 2822 1034 2880 l55
1053 2825 1128 2880 'liiiic
1154 2822 1227 2879 larus
1251 2823 1396 2892 alloquitur
1419 2830 1552 2889 sanetum,
1578 2822 1621 2878 liis
1646 2825 1766 2888 vocibus,

128 2907 195 2967 ⁰0
219 2913 355 2984 Praecipio,
370 2923 479 2982 taceas,
495 2930 546 2972 nec
559 2931 608 2971 nos
624 2917 742 2972 claruere
754 2915 859 2986 laiiqes,
1339 2978 1343 2986 ⁸
1658 2913 1739 2987 [nitro
1754 2931 1762 2969 s

217 3006 269 3060 llos
283 3006 482 3076 praecinens
495 3006 579 3062 rabidi
593 3022 642 3061 rur
658 3007 854 3077 oiepepeiidit,
1050 3005 1119 3077 Quid
1134 3005 1257 3072 licitiae,
1284 3006 1349 3059 milii
1373 3003 1436 3059 iacis
1459 3004 1519 3070 lior,
1549 3005 1698 3060 uenerande
1721 3020 1766 3060 sa·

217 3094 421 3165 Clamoremque
441 3111 535 3165 sagum
556 3095 642 3152 niedia
656 3096 689 3151 de
703 3096 778 3152 lance
791 3094 927 3160 resorbet;
1637 3093 1766 3166 [cerdnsl

219 3182 349 3256 Selraqor
363 3185 408 3241 ille
431 3184 506 3240 lerna
519 3185 600 3239 arido
614 3185 664 3241 suli
682 3195 790 3256 gutture
805 3188 929 3254 obliaesit,
960 3171 967 3194 ⁶
1053 3190 1109 3248 Non
1125 3204 1229 3245 mecum
1253 3186 1361 3256 equali,
1379 3187 1472 3251 luteae,
1487 3186 1633 3242 certamine
1655 3202 1766 3255 puqiias,

219 3276 295 3335 Stans
310 3280 380 3335 rictu
391 3279 498 3348 stupido
511 3277 611 3333 lrenata
625 3294 692 3335 ruce
701 3280 844 3347 molossus,
1050 3281 1224 3339 illisoliendu
1236 3295 1299 3336 reos
1313 3279 1400 3344 renis,
1413 3289 1439 3334 et
1454 3294 1497 3333 me
1512 3279 1624 3334 uerbere
1648 3288 1765 3349 torques.

141 3357 202 3418 ⁹5
221 3366 282 3422 durii
294 3372 370 3424 luror
380 3379 497 3439 urgeret,
512 3370 617 3439 quisse
632 3385 681 3425 nce
701 3368 777 3426 lilare
790 3371 893 3442 lieeret,
1051 3377 1091 3432 An
1107 3390 1150 3431 rue
1164 3390 1211 3443 pru
1224 3376 1328 3428 cunctis
1339 3386 1431 3441 poenas
1445 3371 1587 3426 absoluere
1601 3371 1695 3437 maiis,

220 3459 259 3516 Sic
269 3461 339 3516 redit
353 3460 457 3516 incluso
471 3461 583 3516 tremula
602 3461 660 3517 siue
676 3476 740 3517 roce
756 3478 878 3533 susurro,
983 3468 1033 3525 1111
1054 3467 1136 3537 Eligis
1145 3475 1191 3520 aut
1205 3464 1317 3530 lacinus,
1329 3479 1386 3518 mea
1402 3477 1450 3533 per
1464 3470 1595 3518 tormenta
1607 3462 1706 3532 pacisci
1721 3463 1732 3517 1

219 3552 319 3610 Proluit
332 3564 359 3609 ei
373 3569 471 3608 numen
485 3555 582 3619 sancti,
598 3570 651 3624 quo
662 3554 749 3610 delati
763 3572 820 3612 ore.
1053 3555 1108 3613 Sub
1122 3564 1223 3610 tortore
1239 3569 1310 3608 nuria
1325 3561 1463 3608 miriamur
1479 3563 1597 3622 tempora
1611 3553 1692 3608 credis
1707 3571 1714 3608 :

249 3646 318 3716 Ergo
336 3645 387 3699 iter
404 3647 546 3712 inemptum
566 3646 638 3700 lento
653 3646 719 3715 pede
744 3661 854 3717 prrqere
874 3656 931 3701 ten·
1053 3646 1136 3702 Pieria
1149 3645 1243 3699 diurna
1258 3658 1319 3699 reos
1332 3644 1445 3712 cruciat,
1458 3658 1501 3699 me
1520 3652 1598 3700 aucte
1611 3644 1715 3715 litigas.

843 3735 930 3807 [darn.
1051 3735 1135 3792 Serre
1148 3734 1208 3800 Dei,
1223 3734 1317 3802 patuit,
1334 3751 1412 3804 quam
1427 3735 1463 3789 sit
1480 3735 1526 3790 tilii
1541 3736 1614 3792 celsa
1638 3746 1768 3806 potestas,

220 3827 281 3886 llum
291 3831 358 3887 licet
371 3830 411 3885 ire
422 3830 502 3897 riam,
530 3829 593 3885 dum
618 3844 661 3885 me
676 3837 755 3884 vocat
772 3845 836 3884 aura
860 3830 931 3883 salu·
1050 3826 1163 3893 Quando
1177 3826 1325 3894 llaqellatur
1343 3826 1470 3894 graviter,
1486 3837 1512 3880 ie
1523 3825 1625 3895 judice,
1639 3825 1732 3896 judex.

847 3922 915 3996 [bris
982 3918 1034 3975 lle
1052 3919 1120 3975 ilinc
1147 3927 1235 3973 tamen
1256 3920 1314 3987 ipse
1337 3918 1444 3988 probas,
1470 3934 1574 3974 mecum
1599 3919 1634 3974 sit
1653 3920 1768 3988 qualiter

167 4006 209 4068 100
222 4013 250 4070 lt
263 4017 346 4073 traliit
359 4016 425 4073 liora
441 4014 500 4070 dies
513 4015 622 4084 uestigia
634 4013 709 4068 tarda
725 4022 889 4069 moventem.
1646 4010 1745 4081 lactum
1759 4026 1767 4063 ι

219 4106 332 4165 renisus
347 4117 377 4162 ut
387 4106 506 4161 tumidus
520 4120 610 4160 comes
635 4106 775 4160 Avitianus
790 4105 895 4174 spoliat,
1051 4098 1117 4155 (lum
1133 4112 1181 4168 per
1192 4112 1235 4153 me
1251 4096 1338 4165 renio,
1354 4112 1404 4152 nec
1417 4097 1545 4165 amicum,
1570 4113 1621 4154 nec
1633 4115 1696 4169 rupo
1711 4115 1769 4155 ser·

219 4197 344 4253 Terribile
358 4197 446 4252 allicio
461 4195 582 4252 Turones
603 4195 727 4251 siiliuirus
743 4196 836 4249 adivit.
1678 4193 1767 4265 [rum;

220 4289 327 4359 lqniina
344 4288 518 4355 eumenium,
534 4299 561 4342 er
574 4287 653 4356 lunga
667 4299 761 4341 carena
777 4301 895 4354 reorum,
1051 4279 1108 4333 lton
1121 4278 1218 4349 patirur
1232 4278 1338 4332 dilierre
1350 4293 1449 4344 instet.
1461 4295 1540 4350 quem
1554 4295 1632 4347 neena
1642 4296 1767 4341 coercet:

220 4381 398 4437 decrescente
412 4395 501 4446 coma,
525 4394 639 4450 quorum
662 4394 725 4434 caio
741 4389 794 4433 tnta
810 4379 908 4435 dnonas
923 4396 930 4434 :
1051 4371 1093 4427 Nil
1105 4387 1172 4440 opus
1183 4382 1223 4426 est
1235 4371 1322 4426 verliis
1335 4371 1416 4426 tacito
1430 4383 1467 4440 te,
1492 4373 1575 4429 n'usco
1589 4375 1660 4444 qnod
1672 4389 1766 4446 npras;

159 4466 205 4525 tet
222 4470 250 4525 Et
263 4479 423 4539 consumpta
447 4479 550 4524 aretum
566 4470 670 4524 laxabat
685 4470 792 4524 brachia
818 4470 928 4537 serrum,
945 4489 973 4553 D
1052 4461 1134 4530 Cedo,
1152 4477 1256 4532 precer.
1271 4461 1380 4518 discede
1395 4464 1464 4531 ioco,
1487 4467 1605 4522 concede
1618 4468 1689 4536 quod
1707 4484 1768 4537 oro,

220 4561 345 4618 eandoem
361 4562 447 4616 macie
461 4561 505 4615 nix
519 4561 673 4616 declarante
687 4561 808 4633 liguram,
983 4571 1034 4629 lid
1053 4571 1106 4626 Neu
1121 4580 1163 4624 tua
1178 4585 1221 4625 me
1235 4571 1350 4641 qiaiiiei
1364 4572 1416 4625 citu
1428 4574 1518 4640 puniar
1531 4573 1594 4628 ultio
1607 4575 1713 4635 vindex.

221 4659 359 4716 Poeuarum
370 4674 454 4728 genus
466 4657 522 4726 ipse
536 4658 612 4728 iubet
627 4658 686 4728 plus
703 4673 779 4712 more
792 4658 895 4727 parari;
1054 4663 1115 4719 llaec
1129 4662 1177 4728 ait,
1192 4671 1218 4716 et
1234 4676 1348 4730 propero
1363 4661 1440 4730 pede,
1455 4663 1609 4720 discedente
1622 4677 1745 4735 patrono,

221 4750 363 4805 [tenentem
382 4750 472 4803 rideas
494 4749 618 4818 populum
632 4748 748 4815 spatiare
760 4763 807 4815 per
819 4751 931 4816 urbem,
1053 4752 1203 4815 Avitianus,
1216 4751 1293 4816 inops
1307 4751 1401 4817 animi,
1417 4762 1494 4807 vocat
1505 4755 1645 4823 alliciales,

222 4845 369 4910 indixitque
382 4843 455 4897 netas
468 4857 592 4911 processu
607 4843 640 4895 ad
654 4841 728 4896 triste
738 4843 861 4909 tribunal,
1055 4844 1087 4897 lit
1101 4856 1221 4898 reserare
1232 4840 1308 4911 jubet
1324 4851 1467 4909 tormenta,
1483 4848 1625 4913 ergastula,
1640 4850 1770 4916 claustra,

149 4933 201 4988 lld
222 4931 296 4987 llnde
312 4941 401 4986 truces
414 4929 487 4986 ocnli
499 4939 654 4998 spectarent
674 4930 793 4986 niemlira
807 4931 933 5000 cremari,
1053 4935 1173 5005 cumque
1190 4935 1349 5004 relaxasset,
1362 4937 1454 5006 procul
1468 4938 1524 5008 ipse
1532 4940 1641 4997 recessit
1652 4942 1687 4996 ali
1695 4942 1769 5008 urire,

183 5061 245 5115 100.
266 5061 338 5142 ⁰⁵⁶⁸?
353 5059 434 5115 Forte
447 5060 554 5142 lum..
1022 5070 1082 5125 109.
1103 5070 1165 5125 liaec
1179 5069 1341 5138 respondent
1364 5071 1395 5126 iis
1418 5086 1478 5137 qino
1494 5072 1645 5130 referuntur
1667 5089 1681 5127 a
1705 5073 1768 5130 Ser.

183 5130 246 5185 101.
258 5131 471 5211 ¹iluitiuniisliic
486 5133 623 5184 Avitianus
636 5131 706 5211 idem
722 5130 790 5187 torte
813 5131 864 5186 init
890 5130 935 5204 qui
986 5140 1072 5207 Stilp,
1087 5156 1109 5193 e.
1122 5139 1148 5206 5,
1164 5140 1229 5194 Diui.
1246 5139 1273 5203 3,
1288 5141 1423 5208 disponens
1434 5141 1594 5211 (dvitiaiius)
1608 5144 1758 5208 perterritis

148 5202 199 5257 sulr
213 5200 318 5256 iuliano
333 5203 447 5254 vicarius
461 5200 555 5254 Africae
567 5198 648 5256 luisse
663 5201 771 5266 dicitur,
784 5210 813 5255 ut
831 5212 936 5258 cunstat
985 5213 1092 5264 orientia
1103 5212 1140 5264 eiu
1152 5220 1212 5271 rnre,
1235 5213 1269 5263 od
1284 5227 1346 5279 opus
1373 5221 1423 5262 tom
1441 5212 1513 5264 triste
1528 5211 1673 5280 procedere,
1692 5227 1767 5288 es0,;

148 5286 183 5325 ιι
199 5271 265 5353 βοή.
279 5271 383 5325 Theoti.
396 5271 425 5324 l..
442 5268 486 5352 li
502 5271 534 5324 de
548 5286 617 5352 rurs.
630 5273 713 5352 patr,
728 5272 746 5324 l.
763 5286 782 5335 r,
796 5274 828 5326 de
845 5272 934 5354 indul.
987 5281 1093 5336 mallem
1118 5282 1160 5335 liic
1182 5281 1291 5352 legere:
1315 5279 1475 5347 indixitque,
1498 5282 1589 5353 nefus!
1610 5298 1769 5358 processum,

149 5341 272 5405 deditur..
283 5351 311 5396 et
321 5342 340 5397 Ι.
353 5339 382 5400 2,
397 5343 429 5395 de
440 5351 497 5393 itrii.
511 5342 657 5395 riruniende.
685 5341 748 5408 Epis
772 5354 936 5399 mentionem
986 5362 1039 5407 eie.

147 5410 212 5466 laeti
223 5421 250 5466 ιιι
263 5413 393 5465 Ainmian.
412 5410 579 5476 llarceilinus
594 5412 639 5463 lili.
658 5427 729 5464 xiiii
751 5413 800 5465 sub
817 5412 938 5467 Valenti·
1023 5422 1083 5475 111.
1105 5421 1174 5473 lidii.
1187 5419 1265 5486 lion,
1275 5422 1348 5488 jasan
1362 5419 1473 5488 tyranni,

148 5483 231 5535 niano
242 5491 271 5536 ιι
285 5481 406 5540 Valente.
420 5497 499 5548 quern
522 5497 552 5534 ea
565 5482 658 5534 rr'curr‘o
670 5482 797 5547 appellat,
810 5481 833 5536 si
856 5483 937 5539 modo
1023 5489 1085 5544 111,
1106 5491 1171 5544 Cod.
1188 5487 1260 5553 ilai„
1275 5500 1383 5541 reserens
1397 5500 1420 5540 ei
1434 5489 1556 5542 classim,

147 5549 221 5606 idem
233 5551 363 5620 estquis
382 5551 444 5607 Ser.
468 5551 570 5620 Salpia.
587 5566 679 5605 coines
692 5552 829 5606 tirannus
845 5554 936 5624 appul-
1025 5556 1085 5614 ¹59,¹
1105 5560 1172 5613 enit,
1186 5559 1258 5622 vni„
1275 5574 1361 5622 poeiiai
1372 5558 1509 5612 assati-ere,

146 5622 228 5679 hm?-
416 5666 419 5673 ι
1027 5631 1086 5685 ill.
1108 5630 1174 5684 coil.
1189 5627 1260 5693 Yet,
1273 5629 1411 5689 irrulluntitr
1427 5641 1541 5693 sensnum
1552 5632 1639 5689 1111111.

184 5690 246 5754 106-
269 5689 400 5758 Cliniam·
411 5690 563 5757 mendum
578 5690 683 5743 Vidss'uf
695 5691 846 5762 muscam·
1024 5700 1086 5755 lii.
1108 5698 1171 5754 tud.
1188 5696 1258 5763 Vel,
1274 5696 1332 5766 lpse
1345 5700 1436 5754 retudit
1448 5701 1479 5754 110
1494 5703 1564 5756 tarde.

185 5761 248 5818 107.
268 5761 335 5818 ssed.
350 5761 420 5829 iat..
434 5777 513 5833 qenes
526 5778 601 5815 cirine
607 5761 692 5831 jubet.
