3780 6120
124 244 177 305 nti
485 236 644 295 venantii
665 236 744 293 troii.
764 234 868 292 dudd.
889 232 1086 293 tonandam
1106 236 1250 295 OPERUH
1270 234 1357 295 PARS
1374 239 1405 296 ti.
1696 240 1755 300 520

121 357 249 427 atiqunm
273 348 383 424 quidem
397 348 508 420 spatiis,
533 347 602 403 tutis
616 358 704 403 tomen
724 348 855 418 conspicit
868 346 910 403 si·
925 345 1032 411 Aiestu
1057 349 1136 403 metis
1160 347 1196 406 sit
1214 350 1367 406 dumibus
1380 357 1513 408 nocturno
1536 349 1647 423 denpu
1667 351 1753 423 iorto,

123 453 228 503 renum
240 452 253 481 ¹
267 441 396 498 uteribus.
420 436 573 508 dmpiiabst
595 436 728 509 siquidem
747 438 836 508 spatio
857 437 914 494 ioei
963 435 1105 507 deistaqne
1118 437 1240 507 domum,
1254 438 1280 493 in
1295 439 1364 509 piris
1378 450 1488 510 proetus
1501 449 1624 496 mtutam
1636 451 1755 512 motuis,

123 535 261 606 angustias
290 540 397 587 smoena
420 526 583 600 iucunditas.
615 527 713 584 Statim
739 540 807 599 erqo
828 527 912 586 strdei
959 534 991 591 ,et
1004 527 1140 595 stupuisse
1161 538 1238 584 reum
1249 528 1429 585 admiratione
1440 528 1557 596 uirtutis,
1575 540 1640 587 eum
1659 533 1758 588 erimi-

123 633 215 683 mente
230 622 291 678 torti
307 620 411 677 dusinus
433 616 560 690 concipit.
585 618 676 690 itaque
689 619 812 677 redditur
833 624 912 677 terrts
962 617 1005 672 uis
1019 630 1072 673 non
1086 617 1195 675 deesset
1208 616 1326 687 desum,
1342 626 1371 677 et
1385 621 1551 679 eooseimtis
1562 623 1686 681 admissis
1699 633 1762 682 tor·

120 732 236 774 omasus
258 712 311 771 diei
332 714 418 769 noetis
436 710 553 767 sitentto.
578 711 628 766 iix
649 711 732 768 eorda
757 712 910 769 mortalium
962 720 1057 782 queret
1078 710 1367 770 auctoremi'isndetn
1385 726 1480 771 rernm
1503 724 1546 773 est
1563 717 1759 783 enmisosum,

122 810 176 862 sita
191 807 267 877 quies
282 805 352 860 doiei
373 817 470 873 sopora
494 806 648 870 inseverat,
664 817 725 859 eum
741 804 788 861 itte
799 818 911 862 sesom-
962 805 1017 860 sito
1031 806 1130 859 mentis
1140 818 1239 876 sopore
1260 807 1423 874 discussum,
1447 806 1641 865 sdsntistitern
1657 822 1759 881 prope-

122 899 233 954 tnodnm
258 896 344 952 iraudi
357 907 460 965 tempos
480 895 665 965 amplectens,
680 896 786 966 prosilit
799 896 911 952 audacis
963 911 1048 960 rasse.
1074 896 1200 953 retulisse
1223 897 1335 965 iuriam,
1359 900 1512 970 sanansque
1529 909 1697 970 muratum
1710 914 1760 959 ru·

122 988 220 1058 pientes
233 987 268 1043 ad
279 986 392 1054 seelera,
413 985 518 1056 istique
533 984 649 1056 impulsu
664 985 760 1042 transit
773 986 844 1055 quod
859 985 910 1042 ob·
964 989 1052 1061 stiqiis
1066 992 1172 1046 reniam
1198 989 1326 1046 facinoris
1338 988 1503 1060 postulatae.
1513 999 1541 1048 et
1554 991 1759 1063 periaeiiesup·

120 1081 211 1138 atabm
223 1099 231 1135 ι
242 1077 298 1135 adit
312 1078 461 1146 hortulum,
474 1077 548 1134 olem
569 1076 672 1148 diripit,
693 1078 768 1134 abire
782 1078 910 1144 festinan
963 1080 1070 1152 piiesnti
1086 1080 1230 1137 indulsisse
1244 1082 1400 1137 antistitem.
1426 1083 1460 1138 tit
1472 1082 1513 1138 sie
1526 1094 1652 1139 naturam
1664 1084 1758 1142 nediu

121 1174 212 1229 nutias
225 1181 314 1227 tstnen
331 1169 459 1227 redeundi
479 1168 572 1226 exitus
586 1177 671 1239 patet,
682 1169 744 1237 quia
758 1182 821 1224 reus
837 1168 912 1225 tenui
963 1182 1017 1227 non
1034 1169 1144 1227 minoris
1164 1171 1277 1228 rediisse
1290 1171 1409 1227 miraoaii
1424 1171 1474 1228 iuis
1486 1187 1567 1244 qnam
1588 1175 1703 1231 mauri.
1718 1175 1758 1233 its

124 1263 278 1334 sepeqossi
304 1260 535 1328 mummolinus,
561 1261 656 1331 exigua
681 1259 816 1316 oosmcnts
839 1259 913 1315 reiut
963 1272 1038 1316 reum
1064 1276 1113 1331 pro
1132 1261 1264 1331 supplicio
1289 1264 1416 1330 ueniam,
1439 1277 1538 1320 munus
1557 1267 1687 1322 enudate
1707 1280 1757 1339 pro

124 1358 199 1413 emat
223 1363 376 1412 eonstruotu
395 1353 554 1419 munimine,
580 1364 706 1408 creseere
730 1350 840 1422 fugienti
860 1350 912 1407 sibi
962 1349 1084 1407 erimios.

124 1447 248 1503 uidentur
263 1446 289 1500 in
312 1445 424 1502 moiem.
442 1442 533 1499 Noctis
545 1457 610 1513 erqo
625 1443 705 1498 totius
725 1441 776 1498 iter
797 1442 911 1513 spatium
998 1442 1025 1497 8.
1042 1442 1165 1512 Dumque
1180 1442 1224 1499 itis
1237 1444 1368 1499 uirtutum
1389 1444 1504 1517 iuiqeret
1526 1447 1586 1517 ipse
1605 1446 1756 1519 uinariis,

124 1536 222 1594 itortuii
246 1535 304 1591 iuit.
326 1536 429 1590 litteras
450 1548 535 1590 rosere
550 1534 617 1589 ineis
638 1532 767 1603 sptendor
781 1534 910 1589 monadum
961 1531 1068 1588 nestum
1082 1533 1208 1603 gloriosae
1222 1534 1282 1604 ejus
1292 1536 1533 1593 consummationis
1549 1547 1661 1608 tempus
1673 1543 1754 1599 adue·

124 1630 243 1695 irradiat,
265 1627 385 1697 isoieqne
407 1627 490 1681 renus
511 1626 627 1693 reddita,
652 1627 731 1682 terris
752 1625 798 1681 ius
822 1626 912 1683 reddi·
962 1620 1002 1676 nit
1017 1637 1027 1677 a
1041 1623 1088 1677 sed
1110 1636 1171 1678 eant
1190 1621 1274 1679 iraets
1291 1625 1347 1695 ism
1370 1640 1429 1682 aero
1453 1628 1574 1685 membru
1595 1630 1754 1701 deduntur,

125 1732 179 1776 tur.
192 1720 273 1790 igitur
283 1717 376 1774 beatus
387 1733 468 1775 senex
480 1718 507 1773 in
518 1718 628 1783 eeiiuiu,
640 1717 685 1773 ubi
695 1718 795 1789 spretis
808 1719 912 1775 nonanis
925 1696 950 1758 Β
964 1711 1092 1767 afflictum
1108 1716 1121 1743 ⁸
1136 1723 1326 1786 mortuumque
1346 1728 1445 1787 eorpus
1465 1719 1639 1779 abstinentia
1662 1723 1756 1782 tanaro

125 1811 265 1879 inertiims,
287 1821 394 1866 noctem
419 1808 494 1865 duici
508 1809 689 1878 ,meditatione
711 1817 740 1866 et
761 1818 856 1866 masto
871 1810 912 1865 ia·
962 1812 1038 1871 erst;
1052 1806 1165 1876 etquod
1190 1814 1285 1863 natura
1306 1819 1462 1880 neqsuerss,
1486 1814 1616 1870 meritura
1634 1816 1757 1876 mm

124 1905 190 1960 boro
204 1912 381 1974 transegerat,
400 1917 483 1958 unum
497 1916 513 1958 e
526 1901 656 1958 iratribus
676 1910 766 1969 voest,
789 1903 915 1958 mittens-
962 1895 1017 1953 bat·
1034 1894 1148 1964 linitque
1171 1904 1263 1955 tantus
1283 1897 1313 1954 in
1333 1909 1430 1957 satteto
1445 1900 1506 1958 niro
1526 1901 1592 1962 idei
1614 1904 1756 1974 dertonut

123 2010 177 2068 que
198 1995 226 2051 in
246 1993 382 2050 trartutom
404 1991 645 2064 mnndstmquem
660 1990 698 2048 iai
712 2004 805 2048 errata
829 1991 914 2048 insss·
962 1986 1106 2045 iossttaiiii
1119 1989 1228 2056 ardore.
1252 1992 1496 2063 quopiuttarpoti
1516 1993 1699 2053 districtionis
1712 1997 1755 2053 in·

127 2096 183 2140 tuan
196 2098 246 2140 sao
266 2092 295 2142 et
305 2085 377 2140 reiut
395 2082 554 2153 quidusdam
578 2090 708 2139 arctatum
722 2080 849 2148 sinesiis,
874 2082 912 2138 its
962 2077 1077 2145 tulisset,
1090 2079 1190 2138 inferre
1210 2081 1391 2154 piusaoperet
1407 2092 1454 2140 :et
1467 2084 1503 2140 its
1515 2095 1596 2142 erant
1609 2096 1754 2159 nameus

123 2189 250 2231 innexum
277 2172 391 2229 erimine
425 2170 592 2244 reperisset,
624 2169 803 2227 atitstraiteretn
834 2169 911 2227 iisnd
963 2169 1301 2229 meritoruminoitstusnts
1313 2174 1754 2250 potsemonr.nmorqutppenu

123 2279 209 2333 mors,
224 2263 292 2329 adit.
314 2263 425 2334 reperit,
440 2260 454 2300 1
468 2262 609 2318 abstrahit.
623 2261 706 2318 Adest
723 2259 796 2318 iilius
820 2260 913 2317 erinni-
961 2260 1076 2341 redeere
1089 2261 1208 2318 animum
1223 2270 1322 2334 potest,
1335 2265 1435 2322 satiare
1448 2266 1618 2324 desideriunt
1631 2282 1689 2327 nou
1708 2284 1754 2342 ps·

123 2369 217 2421 trusus.
241 2354 341 2410 iustum
356 2356 384 2409 io
404 2352 492 2410 medio
513 2353 628 2424 projicit,
643 2353 725 2424 pedes
747 2352 913 2423 eompieoti·
962 2354 1094 2420 test;sad
1115 2354 1201 2424 tuaqis
1215 2355 1354 2427 msqisqne
1366 2353 1377 2395 ί
1391 2370 1453 2413 uum
1469 2354 1604 2427 dunritm,
1625 2361 1754 2418 sitistis·

124 2458 167 2502 tur
186 2447 344 2503 maerdotis.
368 2445 458 2516 itaque
477 2445 519 2500 uir
538 2445 637 2515 pietate
659 2446 766 2516 plenus,
791 2445 913 2518 indulget
966 2441 1100 2510 flammat,
1120 2441 1288 2513 iucunditate
1312 2446 1383 2502 enim
1405 2461 1454 2502 sus
1472 2448 1573 2505 enaim
1594 2450 1752 2520 uppetim,

123 2538 240 2604 arianen,
268 2536 403 2605 donatque
427 2535 545 2601 turtum:
575 2548 688 2591 monens
712 2548 773 2590 eum
796 2547 869 2605 saepe
883 2544 912 2590 us
962 2536 1011 2593 sed
1026 2548 1080 2590 non
1094 2534 1156 2590 iaeit
1171 2534 1205 2592 de
1223 2535 1348 2592 satietate
1363 2535 1511 2593 isstidium.
1531 2538 1617 2609 ίςίιιιε
1628 2539 1754 2596 datiani·

124 2629 180 2685 suis
195 2628 283 2698 potius
304 2627 456 2683 necessaria
475 2624 566 2682 usibus
580 2632 653 2695 petat
668 2639 749 2695 quatu
773 2628 870 2697 rapiat,
885 2633 913 2682 et
962 2643 1023 2686 tnus
1036 2627 1176 2685 Amantius
1191 2627 1241 2685 ise
1254 2631 1409 2685 meritorum
1423 2629 1635 2701 iueeiniqens,s
1650 2640 1754 2689 termus

126 2717 340 2776 ateemsariasiini
355 2716 621 2773 tribuentismunere
635 2729 689 2771 noa
703 2714 913 2786 rapinassetese
963 2719 1041 2779 terris
1063 2721 1183 2778 membra
1203 2720 1305 2787 condit.
1328 2721 1376 2777 sed
1394 2721 1516 2778 cuiatis
1539 2722 1656 2794 spiritus
1678 2722 1751 2782 enisu

124 2810 345 2868 eonierantuw
366 2810 406 2867 sie
428 2824 493 2880 erqo
516 2808 717 2880 indulgentias
742 2820 837 2867 taneto
859 2808 911 2866 sitsi
962 2812 1137 2880 ooosnandit;
1161 2809 1215 2868 iiiia
1237 2825 1308 2868 nune
1335 2812 1447 2869 interest
1469 2813 1562 2870 risoris
1586 2814 1753 2885 annotarat,

126 2915 266 2969 annaeum,
281 2902 315 2957 sit
328 2914 361 2958 eo
376 2900 510 2955 discessit.
631 2963 634 2971 ¹
963 2902 1007 2960 irie
1031 2903 1112 2974 iuiqst
1132 2901 1255 2959 eiuritste
1275 2903 1417 2968 virtutum3
1441 2903 1496 2959 iiiia
1521 2905 1679 2973 interpettst
1705 2920 1755 2975 pre

160 2998 188 3052 7.
203 2995 271 3065 Quid
287 3008 432 3051 memorem
447 2992 473 3048 in
487 2991 581 3049 eodem
603 2991 708 3048 hortulo
722 3004 738 3045 s
752 2990 834 3048 simili
850 3006 913 3050 see·
924 3028 952 3097 c
965 2992 1071 3051 iamuiis
1092 3006 1158 3048 soce
1182 2989 1308 3063 supplici,
1328 2991 1373 3047 irie
1397 3000 1487 3047 tuetur
1511 2991 1631 3050 tanatos
1655 2994 1754 3050 uirtute

161 3149 261 3206 ‘idem
276 3167 283 3203 :
299 3148 419 3204 nitescere
430 3147 563 3214 oieriias3
576 3147 913 3218 ampiiaiatsiquidetnioei
964 3149 1173 3212 teaidaeurie,
1188 3156 1213 3203 et
1225 3149 1275 3203 eris
1293 3150 1368 3205 mai
1388 3149 1414 3204 in
1425 3150 1527 3218 remane
1539 3152 1646 3216 niteas:
1658 3168 1755 3208 smnu-

125 3222 292 3291 aaqastios...
314 3235 373 3274 suan
394 3218 441 3274 iiie
461 3217 622 3272 commodant
641 3217 728 3286 [naudi
745 3228 842 3300 tempas
856 3234 912 3272 am·
964 3231 1112 3278 tamennon
1127 3218 1264 3286 priuaiseris
1278 3223 1309 3272 aa
1326 3221 1424 3274 donare
1446 3236 1498 3291 qao
1513 3223 1622 3286 (rums.
1638 3220 1667 3279 tt
1681 3225 1751 3295 quod

126 3294 237 3364 pteetens
252 3289 352 3359 prosilit
370 3288 479 3343 audacia
494 3287 584 3358 pinnae
594 3297 619 3341 et
634 3287 737 3356 sceiere,
753 3288 849 3358 iensque
861 3289 911 3342 int·
964 3306 1018 3347 non
1042 3291 1127 3346 sttuito
1145 3300 1206 3360 post
1229 3288 1336 3344 saeidit.
1358 3290 1393 3345 At
1416 3290 1487 3346 inter
1498 3290 1528 3347 S.
1554 3293 1712 3351 Amandum
1725 3306 1751 3351 et

126 3364 203 3433 patra
223 3375 282 3430 qna
306 3359 441 3415 odstaiant
455 3358 609 3424 cedentibus,
637 3357 707 3412 adire
730 3360 844 3427 festinat,
867 3357 913 3413 sed
965 3360 994 3419 S.
1007 3359 1179 3429 Quintianum
1203 3359 1250 3414 aiii
1263 3359 1368 3415 sedisse
1390 3360 1512 3483 agiseopi
1526 3362 1678 3428 ridentur,
1691 3376 1751 3419 estu

127 3432 247 3485 diuinitus
261 3431 397 3486 retinetur.
420 3428 518 3484 Naidas
533 3429 759 3483 stanimrenteststi
775 3436 844 3496 potat
868 3443 913 3483 aa·
964 3431 1090 3488 Sidotrius
1109 3429 1284 3499 Aquilinum,
1308 3428 1389 3493 epist.
1425 3429 1496 3485 .tiu.
1513 3447 1562 3494 nn,
1578 3431 1750 3490 usitamus

128 3505 189 3567 itus,
205 3511 229 3557 st
243 3502 281 3556 ita
292 3516 352 3557 reus
364 3501 433 3554 tenui
442 3515 501 3567 sepe
509 3499 585 3569 quasi
595 3512 669 3551 mure
680 3497 791 3553 uadatus
802 3508 912 3554 tenetur.
965 3501 1104 3569 Basilidin,
1113 3502 1313 3566 intercutanea,
1322 3498 1499 3557 uotusoaosts
1511 3500 1643 3559 dedeina
1654 3513 1749 3561 statu

128 3572 355 3644 Eoiqaanantqae
374 3571 518 3631 odstaaaia.
543 3577 620 3624 ete...
645 3565 736 3623 Nostis
755 3584 815 3640 erqo
835 3568 913 3622 totius
965 3570 1087 3639 deptaret
1108 3571 1150 3625 itis
1173 3568 1261 3624 uerbis
1281 3587 1289 3623 s
1311 3568 1476 3637 Bardeqais,
1507 3569 1671 3644 Petrucorii,
1696 3570 1750 3629 aa·

126 3644 260 3712 spatium,
281 3642 330 3694 iter
350 3639 444 3695 iaortuii
467 3642 549 3705 istit...
572 3639 663 3692 mundi
680 3637 769 3707 faeiem
793 3638 911 3702 irradiat,
965 3641 1070 3696 titani...
1085 3638 1191 3695 summis
1207 3640 1383 3694 aaamdotiiss
1399 3641 1513 3708 ipsorum
1527 3652 1614 3698 morta
1627 3645 1749 3699 trunonis

126 3728 176 3781 qast
186 3713 261 3767 seius
274 3711 386 3775 reddito,
410 3712 485 3766 terris
506 3709 552 3763 ius
565 3709 641 3762 redit.
653 3705 739 3779 iqitar
752 3707 785 3762 tt.
796 3722 873 3762 aenaea
886 3709 913 3761 in
964 3728 1011 3766 nea
1023 3712 1083 3765 aidis
1100 3711 1219 3777 deinceps
1232 3710 1355 3781 episeopis
1368 3713 1395 3764 in
1410 3714 1592 3780 desuetorum
1603 3714 1797 3784 offlas'uafs

126 3783 229 3846 seidona,
254 3781 296 3836 uii
311 3794 399 3850 preaas
413 3781 546 3845 insomnis,
569 3779 598 3834 in
615 3781 718 3834 astibus
729 3781 823 3845 uastis,
843 3776 914 3834 asiai
965 3782 1039 3853 iaetu
1052 3783 1062 3853 (
1073 3797 1117 3846 per
1130 3781 1291 3849 quassatique
1312 3783 1440 3837 minaruru
1457 3781 1592 3837 mnus
1610 3785 1797 3864 muisis*

127 3853 322 3909 meditatione...
332 3849 480 3905 attraheret.
964 3851 1193 3925 suiraqaiantur)
1223 3850 1304 3904 iatum
1343 3852 1485 3923 spiritualis
1521 3853 1607 3909 ranan
1645 3856 1665 3909 ti
1693 3855 1700 3867 '

162 3921 177 3962 ί
191 3922 273 3984 idern,
285 3919 399 3975 astruitis.
965 3920 1054 3977 tranis.
1071 3922 1173 3989 Quibus
1182 3921 1271 3975 uerbis
1282 3920 1401 3976 indicare
1415 3922 1521 3977 uidetur
1535 3924 1677 3990 annuente,
1689 3938 1797 4005 μοι,

164 3992 238 4048 esta
253 4006 313 4064 erqo
326 3988 537 4061 induiqentiaatn
550 3988 705 4044 mnatouiro
716 3989 866 4059 mamad,
889 3998 914 4045 et
964 3988 993 4047 S.
1019 3992 1185 4055 durantium,
1200 3990 1305 4046 sedisse
1325 3990 1467 4061 episeopus
1490 3993 1571 4057 sitos,
1595 3996 1644 4063 qui
1663 4004 1788 4071 murt,

127 4063 253 4118 discessit.
964 4061 1071 4117 nouitati
1087 4062 1214 4116 sitierint.
1229 4058 1310 4116 Certe
1332 4060 1512 4119 inmensis
1524 4063 1650 4121 Eneiesis
1671 4064 1776 4139 uid*

162 4131 177 4172 d
190 4135 259 4189 idem
275 4150 281 4184 ε
298 4130 363 4187 Catu
376 4130 491 4185 criminis
511 4130 607 4184 deesset
620 4144 710 4194 caasa,
723 4129 769 4185 sed
780 4129 915 4187 sonscian·
965 4140 1025 4187 erat
1037 4141 1065 4187 et
1073 4133 1140 4186 urbs
1151 4143 1257 4202 penate
1267 4145 1321 4200 quo
1336 4139 1456 4203 mmpote
1472 4134 1602 4203 Sidonius
1613 4134 1763 4207 Apolli-2.

128 4206 165 4258 tia
188 4203 301 4258 criminis
319 4212 446 4273 torqueret
461 4212 589 4254 auctorent
608 4214 692 4256 :eunt
706 4201 777 4271 iusto
791 4199 914 4255 damnant
966 4200 1017 4267 ris,
1031 4201 1208 4258 Arvernensis
1226 4201 1378 4272 episeopus,
1403 4201 1553 4260 accersitos
1567 4204 1618 4259 iuit
1633 4204 1667 4259 sd
1685 4202 1751 4264 dt..

128 4284 279 4398 aaut
298 4270 914 4398 {tonantissimas:tritta
967 4271 1578 4399 ⁰”i·sdt.„ittiiiii.iti“itit1
1639 4274 1742 4399 ‘’a''

128 4358 323 4473 ariaztttmttti'izu,
348 4422 426 4466 ete...
445 4409 621 4480 Naturamque
641 4357 795 4465 nattts'ffaon
819 4414 916 4467 minore
929 4354 1047 4482 thtiut.
1058 4412 1093 4468 td
1107 4412 1153 4472 iiis.
1168 4427 1196 4467 tu
1214 4412 1272 4470 sid.
1284 4415 1336 4482 dp.
1350 4412 1402 4480 Qui
1421 4381 1498 4469 unius
1510 4412 1579 4484 Eiup
1599 4416 1640 4470 ‘sas
1650 4360 1734 4471 aliua:

129 4484 234 4538 rediisse
247 4482 382 4547 odenato,
397 4496 474 4551 quam
490 4491 635 4537 numanae...
652 4496 743 4535 mannas
757 4483 862 4536 domam
875 4497 916 4536 re·
968 4483 1041 4539 urbis
1053 4490 1082 4538 et
1094 4482 1167 4538 sedis
1181 4485 1336 4552 episcopum
1352 4486 1542 4540 aaeemtsisset
1562 4498 1611 4554 per
1627 4484 1723 4541 attusia

130 4555 227 4617 tatiane.
242 4564 295 4608 ete.
968 4554 1114 4621 presertim
1128 4563 1156 4608 et
1167 4555 1266 4619 trienne,
1280 4566 1311 4608 aa
1322 4553 1426 4609 nitidos
1437 4555 1524 4610 obsita
1538 4552 1645 4620 itinera,
1654 4550 1722 4609 sidn-

166 4624 263 4677 ‘idem
280 4630 489 4686 :ennnortasmqae
511 4636 680 4692 camnasottata
700 4621 860 4677 abstinentie
873 4636 917 4677 ro·
968 4624 1105 4678 tiernensis
1124 4623 1242 4678 Eoeiesis
1261 4624 1369 4692 proprio
1391 4632 1499 4692 panon
1522 4637 1579 4680 ttott
1597 4625 1721 4681 camini

130 4692 247 4748 saratas.
967 4694 1028 4748 tion
1049 4692 1160 4748 insultam
1178 4695 1307 4763 tettsporis
1320 4703 1409 4749 tamea
1427 4692 1723 4753 interamnenses

168 4761 256 4817 'Caua
277 4763 395 4817 aaudiat
416 4763 577 4832 inflammat,
602 4762 765 4832 p'aaanditata
786 4761 854 4816 enim
875 4763 916 4819 sui
967 4764 1136 4833 Quintianum
1152 4764 1304 4819 interiuisse
1320 4764 1366 4820 iiis
1381 4762 1522 4819 Fortunati
1535 4764 1616 4820 rerba
1630 4764 1723 4821 namn

129 4834 234 4901 recitat,
249 4844 314 4903 ete..
329 4845 428 4888 terrena
438 4833 511 4887 terris
525 4833 637 4888 mentina
647 4835 816 4886 commundat.
967 4835 1102 4898 videntur,
1116 4833 1256 4904 qnihtssait
1267 4848 1342 4889 num.
1359 4832 1389 4889 tt
1409 4850 1417 4887 :
1432 4830 1558 4888 Nondum
1568 4836 1724 4904 muti·

168 4902 333 4969 eQnosnno
354 4904 385 4959 S.
411 4904 552 4960 Amantius
565 4903 725 4967 donateris,
740 4902 811 4957 baud
827 4909 915 4969 potest
966 4912 1050 4957 tanam
1073 4918 1174 4958 amensa
1196 4912 1351 4976 umpararn.
1379 4906 1439 4959 orde
1461 4904 1601 4973 compieta,
1622 4904 1725 4960 rade!

129 4983 206 5030 certo
220 4974 338 5029 deliniri.
353 4972 486 5029 Nimirum
495 4973 526 5035 S,
538 4973 709 5042 Quintianus.
722 4973 767 5043 qui
777 4969 917 5042 seditpost
966 4973 1110 5035 wermuda.
1127 4974 1230 5028 ouans.
1258 4975 1412 5040 Quintianus
1430 4976 1568 5046 episaspua
1582 4985 1642 5031 uuis
1659 4988 1726 5031 nt·

129 5046 159 5101 S.
189 5047 363 5111 nutantium,
389 5054 505 5116 praeerat
533 5044 700 5101 itastienausi
728 5044 857 5099 desistite
880 5043 915 5097 sd
966 5045 1156 5101 sanctaoitatia
1169 5060 1289 5114 aapaaam
1310 5046 1402 5099 tamaio
1416 5043 1503 5101 issum
1511 5046 1598 5119 adesit.
1612 5044 1726 5119 uii'uu

130 5131 176 5172 un.
196 5114 261 5180 ddi,
284 5131 337 5186 qao
359 5129 430 5171 anuo
454 5115 615 5184 someripait
637 5115 682 5170 iiie
705 5113 820 5168 coneilio
841 5116 914 5182 dqu-
966 5114 1117 5184 tniroopere
1130 5124 1155 5170 at
1176 5114 1302 5170 iaudaiiii
1317 5124 1372 5170 arte
1384 5115 1531 5183 eoiieensit,
1545 5124 1601 5173 ete.
1620 5114 1726 5187 Qunam

131 5185 220 5243 titenmi
238 5201 246 5252 ;
265 5186 391 5256 idemque
417 5184 538 5240 interimit
563 5186 668 5255 syrtodo
689 5184 877 5240 dureiiunenss
903 5197 913 5237 t
967 5190 1080 5239 moran.
1094 5185 1212 5241 durandi
1226 5184 1492 5254 rideturcuntiqisue
1504 5200 1559 5241 soa
1572 5186 1725 5243 usitauuts·

129 5271 176 5313 sn.
190 5254 254 5312 511.
281 5255 384 5314 interes
404 5272 466 5313 eum
490 5257 649 5325 Quintianus
674 5251 818 5325 (titireiert
832 5253 869 5309 Gr
966 5268 1047 5329 quatu
1061 5253 1143 5312 Gothi
1165 5257 1191 5311 in
1214 5255 1327 5311 tistiiats
1350 5256 1513 5325 irmpuunt.
1539 5258 1591 5313 suis
1619 5252 1727 5313 umis·

131 5324 233 5383 tomo.
258 5326 420 5398 ineiusdam
446 5326 514 5389 vita.
536 5340 596 5395 qaus
614 5331 706 5406 exstat
725 5320 868 5381 addai
967 5339 1120 5399 usquequo
1138 5336 1260 5398 temppre
1280 5326 1323 5381 nei
1345 5323 1468 5407 dutum
1491 5324 1558 5383 ardu
1603 5396 1608 5405 Ι
1666 5320 1728 5383 atti·

132 5394 278 5478 istrum..
288 5406 366 5455 saets
381 5410 408 5455 et
427 5397 587 5479 suqtntssn
603 5395 711 5450 bnsrties
731 5394 763 5453 s.
786 5392 915 5459 amantii.
966 5396 1039 5453 diets
1055 5396 1115 5453 iuit.
1132 5394 1161 5453 id
1175 5410 1240 5453 sero
1262 5398 1381 5523 usitatius¹
1393 5394 1496 5453 sessio
1509 5397 1608 5469 quista
1619 5392 1728 5455 sih·

131 5466 758 5619 ..’·.’.’....ΜΜ...Ρ
739 5466 916 5619 rstanti
967 5460 1729 5621 1.’1111111111...’111τ’.”’ί·”’

131 5615 247 5675 qrsmtar
269 5607 311 5663 iuis
331 5607 420 5664 uerbis
436 5622 444 5661 a
461 5605 530 5674 Quia
553 5620 620 5660 ausu
641 5612 775 5662 unamarao
794 5615 866 5660 aetus
887 5605 916 5660 ia
967 5607 1038 5670 ttttio
1051 5610 1257 5679 aquitanorum,
1272 5620 1430 5677 autumnum
1443 5606 1601 5667 arduum·

131 5690 195 5748 paca
206 5676 360 5748 quiescentes
374 5681 443 5734 nisus
463 5691 491 5732 es
504 5678 637 5743 matius,
656 5693 713 5735 eata
726 5694 773 5752 eqo
786 5674 917 5731 aasumedo
