3810 6128
128 272 183 328 ert

705 254 954 313 tttsctttartea.
970 283 1004 294 -·
1021 251 1086 308 titt.
1109 250 1174 306 titt.

1704 237 1758 295 278

130 386 255 442 consona
271 397 319 436 ror
329 379 472 435 borrairrom
486 383 627 439 meruerat,
641 371 692 426 imo
703 370 772 425 lerre
786 367 900 440 puellam
913 385 920 423 :
935 369 960 428 A
975 367 1061 422 Trans
1073 375 1176 421 uterona
1193 365 1298 427 matris,
1312 364 1389 432 quasi
1404 378 1451 432 por
1461 359 1605 429 specularia
1616 372 1740 418 cerneus,

168 475 244 544 Quod
259 473 337 529 daret
346 471 446 539 absque
460 469 510 523 riri
528 463 648 537 germine
662 463 737 532 virgo
751 464 848 514 rrum.

136 565 192 621 llne
206 563 349 633 Evangelio
363 560 528 615 concordans
540 555 631 625 pandit
650 563 662 590 ι
684 552 784 615 isaias;

169 654 236 721 Quae
250 652 319 706 Deua
335 648 458 718 inspirat,
474 647 531 700 lraec
543 644 615 699 canit
628 641 686 711 ipse
698 641 762 695 tuba
779 657 784 692 :

139 743 248 811 Eloquia
259 750 374 802 torrere,
387 735 475 793 etrite
490 732 619 805 profunda
634 732 737 786 locutos

175 821 302 874 bomanel
316 828 448 884 nostrum,
460 813 562 885 uirgine
582 812 675 876 dante,
690 823 800 874 caucos,

143 910 288 967 mercena
302 909 378 973 olim,
394 916 424 962 ut
437 906 472 960 de
483 913 568 958 matre
580 899 710 956 tonantis
721 899 833 964 bonore,

176 1002 282 1056 Radia-ir
296 1000 388 1080 dorem
401 995 517 1055 leseeab
537 997 612 1067 virgo
629 993 705 1050 daret

146 1094 221 1163 iirpo
233 1094 290 1148 baec
304 1094 376 1162 rirga
391 1091 450 1156 init,
464 1100 475 1129 ι
490 1089 523 1145 de
534 1104 585 1157 pua
599 1088 650 1142 llos
668 1084 791 1151 ebrietur
804 1082 915 1155 abortps

175 1168 255 1255 cupis
264 1184 332 1240 odor
345 1184 422 1238 rirax
438 1180 556 1237 membra
568 1178 673 1251 sepulta
686 1177 765 1232 lerat.

150 1277 229 1333 larua
243 1281 329 1330 morte
341 1273 443 1344 iacens,
457 1271 491 1327 de
504 1269 580 1341 cujus
590 1277 708 1324 aromate
721 1275 817 1328 tactus,

178 1367 294 1436 Postque
305 1365 378 1421 diem
392 1373 515 1434 quanam
529 1360 643 1417 Lazarus
656 1373 704 1414 ore
715 1356 801 1418 redet,

153 1459 217 1513 ilaue
231 1455 362 1519 ieremias
377 1460 454 1510 utero
467 1454 525 1523 ipso
538 1449 728 1515 sanctificator,

180 1550 330 1605 llonstranr
341 1561 406 1604 roce
421 1545 489 1616 pari,
504 1546 544 1599 tic
559 1556 665 1612 quoqrre
676 1538 745 1594 ratis
756 1536 793 1592 ait
805 1554 812 1588 ι

155 1637 215 1694 Ecce
227 1636 287 1692 dier
299 1635 408 1693 redient
418 1643 445 1690 et
460 1629 543 1688 barid
554 1629 656 1686 suscito
670 1638 790 1696 permen,

181 1732 213 1787 Et
227 1729 349 1800 regnabit
360 1727 429 1794 Rea,
444 1737 523 1797 atque
534 1723 585 1781 erit
599 1722 643 1779 llic
655 1721 773 1791 sapiens.

157 1820 202 1877 lior
212 1835 321 1889 germen
332 1819 433 1888 justum
443 1816 520 1886 virgo
532 1823 584 1883 eat,
596 1821 623 1868 ει
631 1812 686 1866 Rex
702 1823 766 1865 suus
779 1805 878 1868 lanians,

181 1911 311 1970 iodicium
326 1909 437 1980 iaciens,
450 1907 558 1973 arbiter,
569 1903 644 1960 orbis
659 1902 752 1957 beros.

159 1999 348 2073 irrlmograplri
360 2000 463 2070 plectro
475 2005 578 2053 cantata
591 2003 633 2050 eat
644 1994 693 2048 ista
707 1993 811 2061 virago,

183 2094 247 2151 Com
261 2094 339 2150 daret
353 2101 409 2147 arte
424 2091 507 2147 melos
519 2103 581 2151 ror,
598 2085 667 2157 lyra,
682 2080 792 2141 cborda.
805 2081 914 2135 clnrrus.

159 2183 230 2242 litter
243 2185 322 2250 Sioo,
335 2182 409 2249 dicit,
421 2182 511 2246 bomo,
526 2188 554 2236 et
567 2177 648 2241 bomo
659 2174 746 2230 lactus
756 2172 783 2227 in
794 2170 839 2226 illa
853 2176 905 2234 eet,

181 2277 236 2347 ipre
250 2275 322 2331 banc
333 2272 466 2338 foedarit,
488 2269 573 2327 iactrrs
585 2269 678 2339 inipso
693 2276 720 2322 et
735 2262 749 2303 i
772 2263 915 2317 bomo'eat.

160 2365 194 2424 lie
205 2373 312 2438 quoodo
324 2365 370 2436 εει
388 2363 510 2421 fundarit
522 2376 593 2431 eam,
608 2369 652 2416 est
665 2355 810 2413 altissimos
830 2352 898 2424 ipre,

187 2456 247 2513 lieo
258 2458 324 2513 Sion
335 2465 431 2524 mater,
446 2452 520 2526 virgo
534 2453 616 2509 biario
629 2451 689 2506 luit.

164 2550 232 2617 tout
247 2559 372 2619 unquam
392 2561 506 2618 tponaoe
519 2545 636 2601 thalamo
651 2540 770 2613 procedit
783 2539 817 2595 ab
831 2536 898 2603 alto,

188 2639 361 2709 Exsultatque
374 2639 446 2710 gigas
460 2637 590 2700 cbristus,
603 2632 691 2693 eundo
702 2632 781 2699 riam,

164 2727 255 2790 boteri
271 2728 414 2797 thalamus,
425 2742 494 2783 nora
505 2727 610 2798 iunctio
623 2723 692 2780 lacta
705 2721 811 2786 salutis,

189 2820 338 2891 Qua-bem,
351 2829 430 2891 atque
444 2834 508 2875 caro
519 2817 608 2888 nupsit
619 2816 721 2872 bonore
735 2813 820 2868 aurel

166 2906 212 2976 bto
225 2909 296 2966 beor
308 2909 446 2983 amplexus
456 2921 565 2963 caruem
576 2913 628 2970 est,
642 2919 705 2960 caro
714 2903 805 2973 iuncta
816 2897 938 2967 cobresit,

191 2997 504 3070 Statbeus,atpueltomo
514 2997 551 3063 lit,
562 2996 831 3062 Cirristusrrtrumqoe
838 3005 937 3062 genos:

166 3085 211 3142 ilco
226 3089 296 3144 lieua
310 3090 336 3143 io
352 3103 459 3144 earnem
472 3099 514 3144 est
528 3101 632 3154 cereos,
645 3085 716 3155 neus
735 3081 833 3159 accipit
846 3086 937 3145 artust
952 3063 976 3127 c

192 3179 245 3235 bon
259 3195 289 3234 ae
300 3187 466 3251 permutans,
481 3178 526 3257 aed
539 3179 592 3235 sibi
607 3177 725 3247 membra
746 3175 849 3239 lerant,

167 3270 235 3341 tejas
246 3287 299 3327 uon
311 3278 414 3343 poterat
427 3270 512 3352 deitas
527 3279 678 3349 peraperta
692 3266 788 3344 rideri,

192 3362 318 3423 Velamen
330 3363 455 3437 tempsit,
469 3378 549 3440 ¹earne
564 3362 692 3418 ridendos
707 3363 795 3435 bomo.
830 3343 831 3346 ¹

169 3451 230 3509 ltus
243 3454 410 3517 inambubus
423 3436 534 3530 naturis,
550 3455 668 3515 verusio
685 3455 760 3524 ipsis,
836 3440 838 3444 ¹

194 3546 312 3616 AEqtralir
325 3545 404 3601 matri
415 3545 485 3620 binc,
503 3562 550 3617 por
561 3546 660 3617 deitate
671 3546 751 3599 Patri.

171 3633 212 3692 lion
226 3653 272 3693 rua
285 3636 464 3712 confundens,
478 3637 527 3693 sibi
541 3645 633 3692 nostra
658 3634 705 3691 sed
716 3634 804 3691 omnio
819 3641 939 3705 nectens,

194 3731 271 3801 onem
286 3728 346 3784 aine
360 3737 470 3804 peccato
479 3730 563 3800 gignit
577 3737 688 3799 uterque
702 3728 798 3782 tirum.

172 3815 285 3874 belone
299 3807 377 3874 natos
392 3806 494 3874 babens
507 3818 605 3887 dirior,
624 3819 793 3887 ironraoaqce
807 3814 911 3883 matria,

197 3907 228 3962 be
239 3904 319 3963 Patro
338 3907 469 3975 sublimis,
490 3910 523 3963 de
535 3909 667 3980 genitrice
682 3905 801 3961 humilis.

173 3994 266 4063 boando
280 4001 455 4074 incorporeus
472 3998 482 4039 ¹
504 4000 546 4066 pie
559 4000 678 4069 corporis
691 3997 776 4052 induit
786 4006 869 4060 artua,

196 4088 396 4162 qualiematri
405 4092 443 4156 ilt,
454 4089 695 4147 mirrorindePatri.
709 4115 714 4126 ·
733 4087 815 4163 [mur.
825 4101 945 4156 ningues:-

175 4173 278 4250 Carnem,
300 4183 428 4248 animam,
444 4197 515 4248 osso,
531 4190 630 4246 cotem,
646 4194 752 4244 uersor,
766 4191 860 4244 renas,
876 4186 889 4222 t
904 4173 943 4230 le

199 4269 315 4327 Formam
331 4272 403 4327 terri
414 4286 565 4339 assumens,
578 4271 663 4325 rrrioor
678 4268 740 4324 inde
750 4266 833 4323 Patri.

177 4357 212 4415 teo
225 4365 315 4428 redeo,
330 4377 380 4432 qua
401 4362 476 4432 virgo
488 4361 569 4415 trabit
584 4360 647 4415 mibi
662 4359 741 4414 laude
756 4355 887 4422 canenda,

200 4454 282 4519 baalis
295 4454 369 4521 nulla
379 4453 518 4518 luit,nolla
533 4451 619 4506 lutura
637 4449 720 4506 renit.

178 4542 293 4615 itemque
303 4543 400 4613 pluunt
413 4541 605 4613 nubesjmtmn
623 4538 657 4594 de
670 4553 732 4594 rore
742 4548 869 4607 superno,

201 4635 253 4693 llec
262 4637 434 4694 saltatorem
446 4634 566 4705 germine
580 4646 649 4689 terra
661 4630 748 4687 dedit.

178 4717 301 4798 lrcpurta
307 4727 453 4791 estclaoaa,
461 4727 573 4796 irrquam
581 4722 717 4787 intratrir,
725 4724 941 4785 nemooecerit;

201 4813 224 4869 lii
238 4816 368 4873 {lominus
379 4816 462 4880 coice,
476 4814 518 4870 cui
534 4828 640 4883 quoque
653 4813 743 4869 clausa
756 4821 857 4884 patent.

179 4895 239 4972 iriae
249 4906 275 4962 in
285 4908 401 4963 adveatu
415 4905 525 4980 assiluit
534 4904 568 4961 de
580 4904 674 4962 veratro
685 4903 816 4973 loannes,

201 4991 313 5084 lirrlaor
326 4999 463 5070 perronoit
480 5011 590 5055 munere
600 5011 689 5068 preco
703 5009 798 5054 nourr.

202 5133 246 5240 :lo
255 5133 323 5217 cod.
336 5131 410 5216 Van,
425 5129 529 5186 Esaias.
543 5129 582 5185 lta
595 5136 623 5184 et
636 5125 715 5183 Febr.

203 5204 335 5331 lametula..
345 5219 419 5335 zm
432 5204 525 5335 miro
539 5279 576 5325 ert
589 5269 638 5338 plot
651 5263 779 5322 Citritirrt.

201 5337 297 5406 limo„
314 5343 342 5399 ia
352 5344 410 5412 ipro
422 5344 498 5397 bomo
512 5340 563 5394 tie.

176 5420 215 5534 m:
225 5411 339 5480 iabric,
356 5414 539 5482 blateronem.
552 5408 586 5463 Et
597 5415 667 5478 port,
680 5404 729 5460 lie.
741 5403 821 5460 babet
834 5403 943 5458 tirolorrri

202 5519 295 5635 libid„
310 5553 477 5622 incorporans
491 5549 540 5605 rili
554 5549 678 5620 corporis.

200 5619 296 5689 riba,
312 5636 415 5687 rrmor,
426 5632 549 5688 reatrrot,
563 5625 658 5692 ferrar.

106 5746 109 5755 .
198 5687 209 5727 ¹
226 5691 253 5749 le
264 5693 331 5750 cod.
350 5692 449 5762 latio,
464 5695 548 5764 insuar
565 5708 609 5747 nec
620 5700 727 5746 tracter
741 5703 855 5744 munere.

1008 455 1125 511 Materna
1139 466 1167 509 et
1181 469 1263 523 puero
1276 454 1394 509 mernlrra
1412 451 1532 506 tenesne
1541 449 1598 503 irrir.

973 543 1084 613 erando
1095 544 1248 604 exsultarit,
1272 551 1393 597 ventrem
1408 539 1442 596 de
1454 548 1545 594 acastre
1558 538 1688 599 salutans,

1010 637 1076 692 bum
1092 637 1159 704 pede
1170 638 1223 691 nora
1239 635 1326 705 potuit
1340 632 1456 687 motibus
1473 629 1482 668 ¹
1504 631 1552 685 irit
1562 629 1623 683 iter.

974 727 1070 796 Credo,
1081 737 1108 784 et
1122 735 1267 797 prostratos
1276 724 1368 794 iacuit,
1386 723 1540 790 palmasque
1552 717 1671 780 teternbt,

1012 817 1081 873 Ante
1095 817 1297 885 Redemptorcm
1316 812 1426 884 parvola
1441 810 1560 866 membra
1572 823 1680 862 rrroaerrs

975 909 1174 980 Corripiamqoe
1186 907 1281 977 pedum
1293 905 1418 976 qarorriarn
1428 910 1470 958 eat
1478 917 1531 956 nora
1539 901 1647 956 solvere
1653 896 1763 976 dignare,

1013 1003 1114 1058 Pronus
1126 1001 1256 1069 adoravit,
1277 1000 1369 1067 credo,
1385 1005 1515 1053 tremente
1529 1009 1608 1065 porro.

977 1096 1080 1154 Nobilis
1094 1095 1242 1158 Elisabeth,
1257 1094 1291 1148 dc
1305 1108 1357 1164 qua
1371 1092 1443 1148 canit
1457 1091 1515 1145 alta
1525 1089 1702 1159 proplietam,

956 1184 961 1193 ¹
1016 1188 1087 1252 llaec,
1102 1194 1230 1257 operante
1243 1186 1308 1250 Dee,
1321 1182 1439 1255 permina
1450 1183 1511 1239 leta
1526 1181 1623 1236 reiert:

979 1279 1151 1337 omnisonae
1164 1281 1234 1334 inter
1247 1277 1387 1342 mulieres,
1399 1275 1470 1332 uode
1485 1273 1550 1329 mibi
1565 1272 1626 1336 laec,

1015 1369 1057 1426 lle
1070 1380 1097 1424 ot
1108 1379 1192 1425 mater
1209 1369 1311 1425 Domini
1325 1367 1412 1424 visitet
1427 1367 1497 1421 alma
1512 1363 1585 1419 rneii·

982 1460 1055 1516 liano
1068 1459 1175 1516 Gabriel
1190 1458 1288 1519 recitat
1302 1458 1471 1515 benedictam
1486 1453 1565 1509 lande
1582 1449 1707 1522 puellare,
1790 1500 1792 1505 .

1021 1552 1054 1606 iit
1068 1551 1164 1607 merito
1182 1551 1295 1615 extollit.
1306 1567 1366 1620 uuae
1381 1564 1450 1606 nora
1463 1547 1533 1602 dona
1548 1545 1628 1616 perit,

983 1644 1049 1711 Qua
1062 1642 1181 1713 genitura
1192 1642 1262 1698 iuret
1276 1642 1444 1698 benedictum
1458 1638 1577 1712 germine
1592 1635 1724 1700 trucium,

949 1715 972 1778 Β
1020 1736 1103 1801 Quem
1117 1734 1264 1803 Hieremiae
1279 1747 1347 1789 voce
1365 1739 1473 1793 touaote
1487 1728 1569 1785 refert
1586 1745 1593 1781 ι

984 1822 1033 1878 llic
1044 1823 1114 1877 berra
1127 1832 1169 1878 eat
1183 1831 1288 1889 noster,
1303 1836 1355 1877 neo
1370 1820 1470 1890 absone
1489 1819 1535 1874 iilo
1550 1817 1617 1878 aiter
1631 1813 1753 1879 babetur,

1019 1912 1082 1968 Post
1096 1913 1154 1968 lraec
1168 1913 1194 1967 in
1210 1912 1288 1969 terrie
1301 1912 1373 1966 risus
1387 1911 1467 1966 bomo
1479 1917 1520 1965 est
1535 1906 1652 1970 lrobitus,

983 2002 1067 2070 Quem
1084 2003 1175 2058 Daniel
1190 2013 1312 2059 sanctum
1328 2011 1480 2059 sauctorum
1494 1996 1621 2068 predicat
1632 2010 1724 2062 orrum,

1020 2091 1058 2147 lle
1072 2102 1161 2148 monte
1175 2093 1282 2149 excisos
1295 2093 1339 2162 uiri
1354 2092 1463 2160 angelus
1475 2096 1503 2144 et
1516 2087 1582 2158 lapir
1593 2098 1644 2142 est.

985 2183 1023 2241 bs
1036 2197 1089 2254 prro
1108 2182 1116 2234 l
1141 2183 1243 2254 bloyaes
1257 2201 1263 2236 :
1279 2182 1349 2240 Deua
1362 2180 1462 2238 excitat
1472 2193 1535 2237 ecce
1550 2178 1718 2250 proplietam,

1023 2274 1115 2343 Vobis,
1131 2288 1166 2330 er
1182 2275 1278 2331 reatris
1289 2273 1426 2339 iratribus,
1441 2271 1513 2349 orbis
1527 2285 1617 2342 opem.

985 2365 1014 2425 st
1024 2383 1075 2438 oua
1087 2368 1315 2424 animaboocnon
1328 2367 1453 2433 audierit,
1468 2364 1514 2436 qni
1529 2362 1685 2420 exterminat
1698 2357 1790 2414 iilum·

1022 2458 1060 2515 lle
1074 2459 1173 2530 populo
1185 2459 1282 2515 sinder
1296 2458 1353 2528 ipse
1366 2458 1492 2528 propbeta
1508 2468 1558 2511 suo
1568 2461 1619 2509 eet.

987 2548 1073 2604 David
1088 2550 1155 2605 dixit
1171 2563 1180 2604 :
1194 2548 1352 2606 Adorabunt
1366 2548 1436 2604 bunc
1449 2560 1561 2603 munere
1576 2556 1668 2613 repet,

1023 2639 1168 2696 Serribunt
1178 2650 1280 2713 peotes,
1296 2650 1322 2696 et
1335 2639 1403 2697 Saba
1418 2638 1486 2694 dooa
1497 2637 1579 2692 dabit.

988 2729 1247 2801 Accipienssmeon
1264 2731 1475 2799 manibusquern
1485 2728 1572 2797 iustus
1583 2724 1713 2795 utrisque,

1027 2819 1041 2861 Ι
1061 2822 1302 2892 Decrepitoasenio
1322 2822 1381 2876 baec
1395 2823 1436 2891 pia
1451 2819 1538 2876 rerba>
1546 2815 1620 2873 dedit
1632 2833 1646 2869 :¹

989 2911 1065 2975 Nunc
1079 2915 1183 2970 dimitte
1198 2913 1224 2969 in
1237 2928 1300 2984 paee
1315 2922 1389 2968 tuom
1405 2927 1522 2975 serrpm.
1536 2916 1630 2976 auctor
1644 2906 1677 2963 ab
1691 2905 1753 2966 alto,

1026 3000 1528 3074 Wmmmfflmm

969 3142 973 3153 .
991 3094 1103 3163 Quando
1117 3095 1234 3150 salutare
1246 3093 1296 3149 lroc
1310 3094 1404 3157 merui,
1417 3102 1460 3147 tua
1477 3090 1557 3146 rerba
1573 3085 1739 3152 secondum,

1026 3189 1108 3244 Ferre
1122 3201 1214 3251 manu,
1229 3196 1255 3239 et
1268 3186 1325 3240 viu
1336 3198 1446 3241 cerrrcrc
1453 3182 1515 3251 jure
1527 3182 1619 3234 Deum.

990 3281 1100 3338 Osacra
1118 3280 1192 3349 virgo
1208 3277 1264 3345 Dei,
1280 3277 1359 3331 talem
1372 3271 1525 3346 perimendo
1543 3268 1634 3332 biario,

1026 3373 1078 3430 Per
1091 3386 1171 3443 quem
1184 3371 1273 3426 lumen
1285 3367 1363 3423 babet
1383 3366 1456 3433 plebs
1471 3363 1610 3418 tenebrosa
1621 3359 1705 3431 prius,

989 3463 1018 3520 ln
1033 3464 1141 3535 regione
1154 3462 1255 3518 umbrae
1268 3459 1361 3534 mortis
1382 3454 1392 3496 ¹
1414 3457 1459 3512 lur
1475 3463 1533 3510 orta
1548 3452 1663 3516 reinisit,

1026 3565 1045 3593 Ν
1060 3552 1228 3607 Admirabilis
1240 3560 1283 3606 est
1295 3548 1460 3606 consiiiarius
1473 3547 1526 3600 lric.

991 3646 1042 3714 Qui
1058 3645 1129 3700 lleus
1141 3654 1182 3699 εει
1195 3642 1283 3710 iuriis,
1298 3641 1385 3704 Pater,
1396 3650 1476 3712 atqrre
1487 3637 1514 3693 in
1527 3634 1625 3691 sucula
1641 3633 1782 3705 princeps,

1005 3718 1009 3729 ⁸
1028 3736 1133 3806 imperii
1148 3734 1224 3806 cnjus
1246 3750 1295 3803 por
1310 3732 1367 3791 eine
1383 3735 1434 3788 line
1446 3738 1547 3786 marret.

993 3827 1125 3882 [iurarunt
1134 3810 1196 3882 oceli
1207 3823 1305 3890 nobes,
1312 3823 1469 3892 justamque
1484 3821 1618 3890 pluerunt,

1027 3917 1113 3984 Quem
1123 3914 1289 3970 saltatorem
1305 3913 1422 3983 gerinioe
1432 3911 1507 3979 virgo
1517 3909 1600 3964 dedit.

992 4015 1007 4046 ¹
1018 4007 1158 4077 AEgyptos,
1177 4004 1253 4058 labor
1267 4002 1431 4071 AEtlriopum,
1447 4009 1461 4037 ⁰
1476 3999 1637 4068 Sabrimrpre
1649 3994 1777 4052 sublimes

1028 4095 1068 4153 to
1079 4107 1160 4164 quem
1176 4090 1337 4155 transibunt,
1352 4097 1441 4144 mente
1454 4087 1590 4154 senumdo
1603 4086 1685 4140 baum
1697 4102 1704 4139 τ

993 4185 1042 4241 list
1051 4183 1078 4239 in
1086 4198 1137 4250 nuo
1150 4190 1253 4236 motum
1268 4180 1349 4242 Deus,
1363 4187 1389 4233 ει
1401 4193 1452 4232 noo
1467 4186 1508 4232 est
1518 4175 1588 4230 beris
1602 4175 1703 4245 absque
1716 4172 1777 4237 boc,

1028 4274 1077 4332 llio
1088 4273 1159 4329 Deua
1172 4272 1328 4337 absconsus,
1341 4272 1386 4341 qui
1396 4253 1472 4324 'Deua
1486 4267 1565 4323 lsrael
1584 4276 1637 4321 est.

994 4365 1073 4435 Cujus
1081 4362 1182 4435 iustitia
1195 4372 1237 4418 est
1246 4362 1397 4416 lumborum
1410 4359 1556 4429 cingulum,
1569 4365 1597 4413 et
1610 4354 1680 4412 idem

1030 4457 1095 4530 Ejus
1108 4457 1182 4514 renis
1194 4454 1272 4510 adest
1285 4453 1498 4522 cinctoriumque
1513 4450 1589 4507 ddea.

992 4547 1098 4618 liegoli,
1113 4556 1141 4603 et
1158 4545 1257 4616 aspidis
1267 4559 1331 4600 auae
1346 4559 1440 4599 manua
1456 4550 1597 4613 penetrare
1609 4542 1744 4604 toramen..

1028 4639 1183 4697 Ablaetator
1196 4651 1288 4708 arena,
1303 4649 1353 4691 rtee
1367 4643 1446 4690 nocet
1457 4633 1527 4689 nllus
1538 4633 1574 4687 ei.

991 4735 1091 4788 estam
1103 4730 1129 4785 in
1139 4729 1244 4800 signnm
1254 4727 1419 4796 populorum,
1435 4724 1546 4793 ejrrsrpoe
1558 4723 1720 4792 sepulcrum·

1027 4824 1134 4891 Nobile,
1146 4821 1308 4878 adoraudum
1320 4819 1403 4893 gloria
1416 4828 1513 4888 quanta
1528 4814 1614 4887 legiti‘

992 4918 1076 4987 Quam
1089 4915 1283 4970 dominatorem
1300 4919 1377 4966 terrra
1395 4911 1467 4964 misit
1486 4907 1627 4975 libabitis„

1029 5009 1106 5065 l‘etra
1117 5023 1150 5063 et
1161 5004 1260 5063 deserti
1274 5003 1319 5076 qai
1331 5005 1389 5075 pior
1402 5018 1489 5076 agnos
1500 5002 1586 5059 adest.

1031 5119 1038 5160 i
1056 5118 1173 5179 fabric..
1188 5117 1240 5172 exit
1253 5117 1312 5170 iter.

1030 5195 1037 5241 l
1056 5188 1135 5254 lbld.,
1149 5185 1181 5240 dr
1195 5202 1246 5254 ouo
1259 5184 1343 5240 lieret
1354 5185 1402 5249 or't,
1419 5183 1500 5238 lieret.

1027 5258 1039 5298 ¹
1057 5258 1134 5323 ibid,
1150 5257 1229 5312 Aonie
1242 5256 1383 5326 decrepitos
1394 5256 1458 5311 iroec.

1031 5327 1039 5368 ¹
1056 5329 1123 5385 ibid.
1135 5326 1193 5382 tue
1203 5327 1270 5394 ipso.

1027 5409 1048 5439 ¹⁸
1063 5401 1092 5454 lo
1106 5396 1173 5452 Cod.
1190 5397 1265 5479 liat,
1279 5395 1448 5462 admirabilia,
1474 5393 1634 5449 raaadtuin
1653 5401 1690 5450 ert
1709 5392 1750 5446 irre
1767 5414 1777 5458 ‚-

994 5469 1352 5617 mallrrlgirgrr'sffifflaeggr
1365 5532 1530 5615 AEtmoparm.

1029 5608 1178 5673 tFabric,
1199 5613 1312 5676 erresque
1333 5604 1428 5660 Solon
1450 5605 1493 5660 Sic
1523 5620 1630 5678 qrroqne
1652 5604 1700 5660 llt.
1725 5620 1776 5659 no·

993 5690 1088 5739 slsum·
1677 5680 1679 5684 v
