3810 6128
142 275 193 336 ιιι
259 238 263 246 ’
717 261 967 338 urscseeausn.
989 310 1024 323 -
1043 282 1109 342 eru.
1131 285 1200 344 ιιιι.
1522 256 1525 260 ⁴
1730 289 1784 347 ιιι

144 394 215 462 prot
227 388 321 464 vigiles
334 398 440 459 terme,
451 406 512 450 cum
528 399 553 449 te
566 404 647 463 sopor
657 393 728 449 alters
740 393 862 462 liaberet,
951 392 1073 467 lilirgo
1085 398 1182 456 intecta
1198 413 1320 466 maneus,
1337 398 1397 457 illei
1413 401 1535 461 ubertate
1548 406 1652 470 marita,

181 483 298 553 setaque
318 481 465 538 dormitans
479 489 519 538 tot
532 481 642 553 uigilare
654 484 753 539 daresi
1028 486 1112 544 luscia
1125 489 1259 561 cunjugio,
1276 489 1328 547 leta
1341 501 1454 563 negante
1467 494 1535 551 rire.

143 569 257 632 biberen
271 574 412 644 obsequio,
428 573 530 630 meritis
540 574 697 645 dignissima
712 575 798 647 rirgo,
990 575 1105 649 Accipis,
1119 590 1147 637 ut
1162 583 1250 638 nescis
1263 599 1269 636 :
1284 583 1323 639 sic
1334 583 1424 640 reddis
1435 594 1465 641 ut
1477 586 1581 657 integra
1591 596 1712 654 constes,

179 668 247 723 Cum
259 677 286 724 te
296 667 395 722 diuinis
405 667 526 739 cingeret
539 669 579 723 ala
594 668 700 725 eboris.
1027 669 1080 725 Nec
1093 671 1189 727 violato
1205 674 1288 743 paris,
1305 689 1356 731 nec
1371 676 1500 747 pariendo
1514 678 1601 735 doles.

152 753 226 830 bru
236 761 340 813 bonore
354 767 454 815 mero·
469 757 509 815 sel
524 758 581 828 ipse
596 760 764 815 tremisceret
777 767 886 828 ortum,
992 757 1025 813 Et
1042 768 1131 816 tamen
1143 774 1184 818 est
1197 765 1303 834 genitus
1317 765 1387 822 bees
1401 777 1428 823 et
1441 768 1538 835 lromo,
1554 787 1644 838 uerus,
1657 782 1686 828 et
1700 789 1782 844 urrrrs,

181 852 311 923 Lunaque
321 853 370 907 sub
381 850 493 920 pedibus
506 861 641 925 quereret
653 869 714 910 esse
730 856 794 912 tois.
1027 851 1142 921 Spiritus
1156 865 1235 924 atque
1246 871 1310 911 caro
1324 855 1458 926 cbristus,
1473 866 1618 933 utrumque
1632 880 1729 936 geraus.

153 948 303 1017 tutumque
315 960 364 1003 eun
378 961 408 1004 sn
418 947 540 1004 maehina
555 947 778 1016 squammis,
991 940 1020 997 lu
1035 942 1137 1001 deitate
1152 947 1223 1002 Patri
1239 949 1360 1018 aequalis,
1375 959 1387 988 ⁸
1403 952 1446 1007 rel
1463 968 1577 1024 corpore
1591 958 1683 1024 matri,

183 1039 223 1095 Ac
236 1040 382 1096 miraretur
392 1053 440 1109 per
452 1049 496 1096 tua
511 1039 630 1095 membra
644 1039 743 1096 licum
1029 1033 1061 1088 Et
1075 1036 1133 1091 sine
1145 1048 1256 1106 peccare
1271 1038 1304 1093 de
1317 1040 1448 1109 genitrice
1460 1056 1533 1098 earo.

151 1128 261 1199 drirgo
276 1129 430 1196 excellens,
443 1130 555 1186 rinceos
567 1145 649 1200 super
662 1131 752 1186 omnia
771 1138 883 1198 matres,
992 1122 1089 1180 Factor
1102 1127 1169 1182 dans
1185 1129 1282 1199 legem,
1299 1131 1384 1188 iactus
1396 1135 1445 1189 sub
1459 1135 1518 1207 lege
1528 1137 1652 1195 minister
1667 1155 1673 1192 :

183 1225 267 1290 Quem
283 1236 369 1292 genus
383 1225 478 1289 erexit,
494 1223 537 1278 cui
553 1222 625 1279 beus
637 1222 690 1278 alta
702 1222 794 1277 dedit!
1028 1215 1087 1286 lpse
1097 1230 1172 1288 pater
1186 1222 1290 1289 muudi,
1306 1223 1376 1280 lilius
1391 1226 1448 1296 ipse
1462 1228 1520 1282 tibi.

152 1314 231 1380 tulus
250 1313 356 1369 tructus
375 1313 468 1379 adest,
484 1323 513 1369 ct
528 1312 579 1368 llos
594 1327 647 1368 nou
660 1311 747 1383 perdit
757 1312 886 1380 bonores,
991 1307 1069 1366 llude
1082 1319 1169 1380 tuum,
1181 1323 1277 1382 mater,
1290 1322 1405 1386 generas
1421 1328 1513 1375 natum
1528 1330 1608 1390 atque
1619 1330 1757 1391 parentem
1772 1337 1782 1380 ι

175 1405 248 1474 oue
262 1415 327 1461 nato
339 1418 370 1461 es
383 1403 509 1474 genitrix,
522 1415 551 1461 et
564 1405 611 1460 tibi
622 1405 698 1474 virge
712 1417 821 1460 manes.
1028 1402 1095 1460 llioc
1127 1406 1257 1476 prolem,
1288 1408 1349 1464 inde
1376 1420 1479 1480 patrem
1502 1428 1509 1465 :
1532 1412 1587 1475 boc¹
1607 1413 1695 1478 llerrs,
1720 1413 1786 1470 illuri

154 1494 222 1552 ielis
234 1511 295 1567 qoae
308 1495 400 1566 generi
416 1495 533 1554 bumano
545 1497 596 1552 sub
610 1494 723 1552 Tartara
733 1497 831 1567 lapso,
1666 1505 1785 1578 [inurens.

183 1589 222 1643 Ad
234 1588 320 1642 caelos
334 1587 403 1643 lacta
417 1602 447 1643 es
459 1601 529 1655 sors,
540 1587 594 1655 ric,
611 1596 698 1658 porta,
714 1597 786 1644 rota.
991 1588 1073 1660 Cuius
1082 1590 1183 1647 itenere
1195 1605 1281 1657 sacre,
1293 1593 1418 1659 genitrix,
1432 1595 1600 1651 transcendis
1610 1595 1763 1668 olympum.

155 1678 215 1733 ιιιιι
229 1678 291 1747 liei,
306 1687 418 1735 ornatus
433 1678 566 1746 paradisi,
579 1679 665 1751 gioria
679 1680 767 1750 regni,
1029 1681 1062 1736 lit
1076 1695 1156 1751 super
1168 1682 1314 1752 astrigeros
1331 1684 1412 1752 erigis
1425 1697 1471 1739 ora
1484 1686 1572 1752 polos.

184 1769 335 1839 llospitium
350 1770 424 1837 vitre,
437 1783 504 1840 pons
519 1770 683 1841 penetrando
699 1772 788 1841 polos.
954 1759 979 1819 Β
993 1773 1123 1831 conderis
1137 1776 1163 1830 iu
1178 1779 1246 1831 solio
1258 1776 1320 1832 lelix
1338 1777 1428 1847 regina
1442 1778 1569 1846 superbo,

156 1864 312 1927 treenites,
328 1873 355 1918 et
371 1862 446 1917 tbeca
461 1871 557 1934 potens
570 1863 653 1934 gladii
669 1863 709 1921 bis
724 1866 813 1930 acuti,
1026 1866 1150 1938 cingeris
1165 1868 1286 1923 etuireis
1298 1870 1382 1923 lactea
1396 1870 1471 1939 uirgo
1484 1869 1586 1924 eboris.

184 1953 235 2006 bra
250 1950 298 2007 liri
313 1966 473 2022 assurgens,
486 1953 595 2010 luminis
614 1955 667 2010 alta
688 1954 798 2023 uberes.
991 1958 1087 2014 Nubite
1098 1957 1215 2013 nobilior
1225 1959 1441 2013 c'rcumsistente
1453 1968 1560 2024 seuero,

157 2043 224 2099 lslsa
235 2057 321 2112 super
332 2043 441 2110 cedros,
454 2052 483 2100 et
496 2053 572 2100 vasta
585 2045 724 2102 cacumina
739 2055 849 2111 moruus,
1026 2046 1187 2102 Consulibus
1200 2046 1282 2101 celsis
1295 2045 1392 2101 celsior
1411 2045 1468 2115 ipsa
1483 2047 1575 2104 sedes.

183 2135 290 2205 Subque
305 2135 358 2191 tuis
373 2135 473 2207 plantis
486 2145 513 2192 et
528 2146 586 2192 rota
597 2137 665 2192 solis
678 2137 766 2192 adest.
991 2135 1120 2207 Sicjurta
1133 2138 1255 2207 genitum
1270 2152 1361 2206 regem
1377 2136 1468 2206 regiua
1484 2151 1643 2208 perennem,
1750 2171 1752 2175 ι

157 2225 273 2297 lirgiueo
286 2237 371 2292 eoetu,
385 2226 438 2282 dux
450 2243 515 2284 sexu
531 2232 616 2299 prima
631 2229 760 2295 secundo,
1027 2227 1125 2284 Ornata
1141 2244 1173 2283 er
1188 2237 1276 2294 partu,
1292 2236 1379 2282 mater
1398 2228 1498 2296 opima,
1516 2236 1571 2281 tuo.

183 2318 297 2375 Praelata
311 2319 448 2389 astrigeris
462 2320 520 2376 sola
531 2322 620 2391 puella
631 2322 732 2379 eboris.
990 2320 1142 2376 Occurrunt
1152 2333 1290 2386 proceres,
1306 2326 1334 2374 et
1343 2319 1428 2390 gloria
1443 2333 1537 2389 magne
1551 2317 1679 2387 loannes,

157 2407 315 2479 irgrneut'um
330 2409 414 2482 liguii,
428 2411 615 2481 superomnia
629 2428 693 2468 rasa
708 2413 849 2480 decorum,
1027 2410 1111 2466 Notus
1125 2419 1152 2466 et
1166 2422 1229 2466 aute
1246 2411 1340 2479 beorn,
1357 2424 1437 2480 qoam
1453 2409 1462 2448 ¹
1480 2410 1723 2480 pateretur'bomo.

184 2502 269 2568 etque
281 2510 414 2557 creaturae
425 2500 525 2573 iulgida
537 2517 625 2558 massa
638 2519 726 2559 norae.
991 2501 1131 2559 Fratribus
1144 2503 1248 2565 ascitis,
1265 2510 1278 2549 ι
1292 2501 1390 2555 Paulus
1403 2541 1411 2567 ,
1426 2500 1589 2571 reliquisque
1602 2500 1697 2569 bearis,

158 2585 343 2643 Candelabrum
357 2588 508 2659 pulchrum,
523 2591 598 2649 serbi
608 2592 739 2662 capiendo
752 2593 902 2660 lucernam,
1028 2593 1128 2647 doctor
1139 2590 1317 2662 apostolicus,
1328 2590 1427 2661 fulgida
1440 2592 1526 2661 patore
1539 2591 1645 2646 Petrus.

184 2679 268 2748 Quam
280 2679 395 2736 lerneam
405 2683 518 2753 sculpsit
528 2692 581 2738 taur
597 2698 678 2752 super
691 2695 764 2740 astra
778 2685 865 2740 leber.
992 2682 1088 2754 Diligit
1101 2682 1151 2737 bas
1167 2691 1259 2749 portas
1273 2682 1337 2738 Sion
1351 2683 1533 2749 superomnia
1550 2681 1645 2745 iacob,

158 2768 251 2827 droam
261 2771 412 2830 lerusaleru
423 2784 556 2841 sanctam,
570 2777 691 2845 speciosa
707 2786 849 2843 venustas,
1029 2776 1081 2833 Pro
1095 2775 1215 2846 patribus
1228 2775 1334 2845 genitos
1349 2789 1416 2844 quos
1431 2773 1459 2829 in
1471 2789 1564 2830 aruore
1579 2775 1660 2829 licus.

186 2865 289 2924 Alacie
303 2867 398 2939 templi
411 2884 460 2926 ras
474 2870 501 2925 in
515 2870 618 2927 bonore
630 2870 690 2927 Dei.
993 2867 1043 2935 Qui
1066 2880 1161 2922 omues
1179 2863 1255 2921 hore
1278 2881 1327 2922 suo
1342 2865 1427 2920 ornati
1439 2907 1446 2929 ,
1459 2880 1539 2935 super
1549 2874 1621 2920 astra
1634 2878 1786 2932 coruscant,

160 2954 323 3028 irruperaus
336 2968 427 3026 portas
440 2959 505 3017 Sion
520 2961 665 3031 splendore
678 2976 802 3029 corusco,
1029 2957 1059 3013 Si
1069 2957 1108 3013 sic
1119 2957 1255 3027 discipuli,
1269 2955 1331 3025 quid
1344 2956 1385 3026 pia
1398 2966 1485 3011 mater
1498 2955 1567 3011 criti

187 3050 265 3108 Stans
280 3050 380 3107 merito
394 3051 467 3120 lidei,
478 3069 584 3123 gemma
595 3054 710 3124 superba
723 3055 823 3111 tbreui.
995 3046 1063 3104 liinc
1079 3048 1292 3117 patriarcharum
1306 3063 1418 3104 numero
1431 3048 1562 3113 sociante,
1577 3047 1716 3117 propbetas

161 3141 204 3197 dre
218 3141 290 3198 diem
304 3143 438 3212 jaculans,
453 3145 542 3200 radies
555 3159 571 3199 ι
584 3146 673 3202 lronte
686 3145 851 3217 bsagittans,
956 3125 980 3187 C
1033 3138 1201 3195 Conveniunt
1213 3139 1286 3194 celto
1297 3153 1408 3194 munem
1419 3137 1490 3194 serre
1501 3140 1598 3193 ilbodo

186 3232 343 3291 bominibus
356 3235 471 3307 rutulis,
487 3237 576 3293 lumen
590 3237 693 3294 benere
710 3247 813 3294 rotans.
996 3231 1117 3304 liartyrii
1134 3231 1142 3270 ί
1161 3233 1223 3287 irinc
1238 3232 1299 3287 iude
1313 3232 1412 3286 cobors
1423 3230 1545 3286 redimita
1560 3230 1679 3297 cernuis,

162 3319 292 3380 ιιιιιιιιιιι
305 3327 458 3396 ementem,
468 3327 583 3384 illustris
594 3330 691 3384 eunus
703 3329 911 3400 omnipotentis,
1031 3322 1155 3393 Principe
1165 3338 1226 3378 curn
1240 3323 1376 3392 septeno
1391 3322 1474 3377 civica
1487 3322 1564 3376 turba
1576 3321 1641 3389 ooli·

188 3415 312 3472 vultibus
326 3432 360 3474 ex
375 3417 430 3474 illis
445 3419 545 3490 luigura
559 3419 631 3476 clara
645 3422 745 3476 terens.
996 3414 1122 3471 Primitiae
1137 3415 1246 3480 dorum,
1261 3415 1436 3470 Betblemtica
1452 3415 1541 3484 passio
1554 3414 1666 3479 lactans,

163 3501 253 3565 ιιιιιιιιιι
267 3511 449 3578 honoratum,
465 3512 603 3567 benedicta
615 3513 697 3569 bieria
712 3528 759 3583 per
773 3528 871 3578 aeruru,
1029 3507 1095 3575 Quae
1105 3508 1201 3563 meruit
1215 3520 1330 3561 nascens
1345 3507 1440 3561 virere
1447 3506 1645 3576 mortemagis.

189 3600 227 3653 rld
241 3601 351 3656 laudem
367 3602 476 3658 artillcis
489 3603 586 3660 nobilis
597 3606 663 3660 artis
677 3619 756 3674 opus.
938 3657 941 3662 ,
996 3601 1078 3656 italie
1090 3598 1235 3668 rrrundique
1246 3607 1326 3668 caput
1339 3613 1406 3668 quos
1417 3598 1501 3653 ιιιιιιιι
1518 3606 1642 3661 retentat,

158 3683 237 3744 beleis
247 3701 276 3746 et
290 3693 412 3762 angelico
432 3695 549 3763 pretioso
564 3697 652 3766 puella
661 3697 759 3763 relatu,
1032 3688 1100 3746 Urbs
1114 3691 1155 3745 rel
1168 3691 1323 3755 Alexandri,
1336 3698 1382 3744 ant
1397 3689 1578 3745 darrioclrenos
1588 3704 1664 3759 ager.

187 3782 285 3839 Omnes
295 3785 365 3840 utera
381 3795 393 3824 s
410 3785 534 3842 homines
551 3786 619 3842 dona
635 3787 740 3843 decoris
755 3787 867 3844 babens,
994 3779 1068 3848 Quos
1082 3780 1287 3852 ilierosolyruis,
1300 3791 1347 3836 aut
1359 3796 1426 3850 quos
1438 3781 1584 3852 byzantion
1598 3780 1654 3834 eris
1669 3795 1676 3833 :

152 3863 216 3928 lude
234 3874 334 3930 rubore
349 3890 436 3944 rosas,
451 3879 570 3933 caudore
585 3877 647 3934 binc
657 3879 712 3933 lilia
725 3879 851 3946 riuceus,
1029 3869 1102 3936 Quos
1117 3870 1208 3937 Patra,
1223 3885 1291 3941 quos
1303 3870 1434 3939 Epiresus,
1453 3871 1595 3926 lladdarer
1607 3885 1669 3925 arce
1683 3876 1766 3926 tenet.

190 3965 249 4022 Flos
264 3982 379 4023 botuae
394 3980 477 4036 terra,
490 3985 569 4042 quem
586 3972 661 4041 polus
676 3986 738 4028 arce
751 3972 832 4027 colar,
993 3961 1066 4030 errrs
1080 3962 1192 4025 Oricos,
1207 3962 1326 4015 Occasus
1340 3963 1429 4027 babet,
1443 3976 1511 4030 quus
1524 3962 1625 4024 Africa,
1638 3970 1665 4016 et
1679 3964 1785 4028 Arctos,

143 4048 321 4128 crystallum,
339 4061 485 4130 electrum,
497 4077 610 4132 aurum,
625 4072 739 4133 ostrum,
755 4064 856 4120 conclea
868 4063 941 4130 alba,
1028 4053 1153 4122 Quosque
1167 4055 1283 4122 sepultat
1294 4053 1401 4118 lrrrruus,
1416 4053 1531 4122 cingitet
1541 4052 1675 4117 Occursus,

690 4155 869 4230 [smaragdug
993 4143 1082 4211 Natio,
1097 4159 1173 4213 geos,
1189 4143 1314 4211 populus,
1327 4143 1461 4212 regiones,
1477 4142 1593 4210 agmina,
1608 4155 1694 4211 reges,

1784 2006 1799 2036 l

186 4241 243 4310 Quo
252 4253 297 4298 tua
311 4243 396 4300 iurrua
411 4245 488 4315 uitet,
514 4257 612 4303 cuncta
623 4248 732 4303 metalla
746 4248 849 4317 iacent.
1030 4236 1153 4307 Undique
1167 4246 1306 4291 currentes
1320 4235 1353 4290 ad
1370 4249 1437 4290 nora
1453 4235 1524 4289 dona
1537 4234 1627 4303 patris.

128 4317 202 4386 Nix
212 4335 470 4404 pmmtrufcanqofe
490 4347 553 4402 tuo,
568 4339 608 4393 501
622 4338 704 4394 crinis
716 4341 832 4402 houm,
994 4327 1146 4398 AEtbiopes,
1160 4329 1292 4392 Tbraces,
1306 4325 1418 4394 brebes,
1437 4325 1539 4390 Dacus,
1554 4321 1647 4389 ludus,
1672 4321 1783 4389 allartus,

188 4423 338 4482 Pallescunt
351 4427 430 4495 radii,
446 4429 531 4499 virge,
546 4431 645 4486 decore
659 4431 708 4487 eei.
1029 4421 1145 4486 dosora,
1161 4429 1188 4475 et
1202 4434 1309 4489 vesper,
1329 4419 1422 4485 Persa,
1440 4418 1584 4473 Britannus
1598 4417 1681 4473 adest.
1752 4459 1754 4464 .

127 4495 293 4578 Lyebuues
306 4516 388 4573 trebes
400 4525 453 4587 est,
465 4519 536 4574 cedit
548 4519 594 4576 tibi
606 4519 712 4577 Luciier
723 4521 833 4591 ardens,
958 4483 983 4544 υ
996 4517 1127 4573 intrantes
1137 4516 1163 4572 iu
1179 4531 1259 4586 regna
1277 4516 1322 4572 Dei
1339 4514 1438 4586 pietate
1449 4515 1592 4586 redempti,

184 4600 314 4661 Omnibus
328 4607 426 4662 ciliciis
438 4608 562 4680 lampade
575 4609 660 4680 major
671 4610 747 4667 ades.
882 4675 889 4686 ι
1028 4609 1130 4667 Gaudia
1144 4610 1226 4665 riseri
1237 4610 1309 4682 regis
1322 4611 1348 4664 in
1360 4623 1421 4667 aree
1433 4610 1497 4680 poli.

129 4676 250 4750 occulti
262 4697 289 4751 iu
306 4698 384 4752 terris
399 4699 676 4758 sacramenticonscia
687 4701 802 4772 summi,
993 4699 1065 4769 Quos
1078 4700 1173 4772 recipit
1187 4716 1264 4757 sacra
1277 4711 1353 4772 porta
1371 4701 1454 4769 Petri,
1471 4716 1539 4772 ques
1550 4701 1631 4771 iarrua
1643 4699 1729 4769 Pauli,

187 4786 218 4840 Ει
232 4779 336 4844 secreta
350 4790 404 4859 puli
419 4798 482 4846 suut
497 4791 626 4861 pateiacta
641 4790 699 4848 tibi.
1028 4795 1116 4852 Pestis
1129 4795 1162 4849 ad
1173 4795 1288 4852 Andreae
1303 4795 1383 4852 limen
1395 4793 1517 4851 Achaiai
1537 4797 1615 4866 petit.

140 4859 327 4949 1Jipuosager
345 4880 470 4948 bomini,
485 4897 618 4954 generans
632 4885 692 4940 siue
702 4883 807 4940 semiue
822 4881 938 4953 irogeur,
993 4886 1125 4942 blattireus
1136 4885 1272 4957 AEtiopes,
1286 4886 1437 4956 dplresiuos
1454 4887 1532 4942 vaira
1546 4887 1668 4953 loannis,

165 5019 170 5029 ,
185 4971 216 5026 Et
226 4987 345 5029 uecassa
359 4971 372 5010 ι
384 4987 474 5044 seges,
484 4989 573 5032 mesre
583 4976 686 5046 repleta
699 4975 799 5046 places.
1028 4977 1062 5033 ut
1075 4992 1155 5048 quern
1168 4977 1287 5047 quisquis
1302 4987 1384 5046 emat,
1400 4976 1473 5033 bunc
1486 4992 1534 5032 sua
1550 4988 1625 5046 porta
1637 4984 1724 5046 rogat.

158 5051 217 5119 Sola
231 5065 291 5121 sine
304 5065 428 5132 exemplo
442 5062 574 5133 beanda,
588 5074 616 5122 et
630 5066 716 5124 libera
730 5081 813 5135 nexu,
993 5067 1093 5126 florum
1104 5080 1167 5124 ante
1181 5069 1323 5124 adveutum
1336 5076 1362 5124 te
1371 5067 1487 5139 qualiter
1501 5075 1580 5122 eruet
1594 5077 1710 5131 amatur,

189 5153 279 5222 ignara
292 5157 442 5227 amplexus,
458 5163 544 5212 mater
557 5158 647 5228 opima
657 5156 729 5214 sinu.
1028 5159 1151 5217 Portarit
1164 5175 1244 5230 quens
1262 5173 1365 5226 uterus,
1382 5158 1459 5230 virgo
1474 5156 1563 5224 beata,
1576 5154 1656 5210 ιιιιιιι

188 5460 279 5519 ·c0e.
292 5463 367 5530 ιιι,
382 5464 458 5534 cuiae
472 5463 568 5521 benere
581 5481 667 5523 ruere.
1030 5459 1041 5503 t
1055 5461 1121 5518 lbid.
1138 5471 1269 5532 pareretur
1282 5461 1369 5515 beare.

188 5531 326 5599 *Febrim
342 5535 461 5605 sagittus.
502 5548 506 5556 ’
1027 5532 1136 5599 ataid,
1150 5530 1245 5586 Paule.

187 5615 198 5643 ⁸
213 5607 247 5658 lta
259 5616 287 5661 et
299 5606 397 5669 Falrr.;
412 5607 482 5663 male
493 5605 551 5674 alii,
567 5607 707 5663 bominem.
1027 5599 1041 5641 h
1055 5603 1134 5667 ibid..
1146 5602 1232 5656 eluso
1243 5601 1337 5656 emoti.

185 5681 196 5714 ¹¹
214 5677 240 5729 lu
254 5678 319 5733 e'ee.
337 5674 410 5744 lat,
421 5686 445 5730 et
460 5694 505 5732 nec
517 5687 575 5731 ertu
588 5695 667 5747 reget.
685 5678 723 5736 lla
734 5686 762 5738 ei
771 5676 876 5737 Febris·
1029 5671 1038 5712 ¹
1056 5674 1107 5742 tb.,
1122 5671 1193 5727 mitt
1203 5681 1279 5746 “little
1293 5671 1353 5728 l'iiist
1365 5668 1465 5728 ‘illiri-
1480 5669 1530 5730 lli·
1543 5667 1647 5728 chorii·

187 5745 329 5818 ‘i'abrie.,
346 5747 400 5805 red.
418 5748 462 5807 Sic
474 5765 581 5821 quoque
593 5750 641 5808 lis.
1027 5741 1036 5796 l
1052 5743 1113 5812 lis,
1133 5751 1211 5815 putet.
