3810 6128
135 279 190 340 1135
618 276 832 334 seruitutis
851 274 1119 334 toedettuutlsls
1137 276 1288 334 uouscttl

129 396 200 460 lum,
214 400 243 449 et
256 390 456 459 simulationes,
471 402 499 447 et
515 405 610 447 curuos
624 390 816 458 detractiones,
834 399 863 445 et
878 391 921 446 iu·
936 391 960 448 Α
1119 388 1122 395 ’
1295 404 1434 450 tonsurus.

128 479 255 554 sidiarii
271 480 331 536 Pu.
347 481 380 551 r).
1011 479 1123 539 biiiciie
1139 490 1181 538 est
1195 484 1222 538 iu
1237 485 1376 556 prosperis
1387 483 1488 542 inuidia
1500 498 1603 548 carere.

164 573 356 630 Charitasuua
370 571 513 627 aemulatur
529 568 554 639 (i
569 569 630 626 dor.
645 571 677 641 ι).
1257 615 1398 673 CAPUT
1420 617 1494 676 m

165 663 281 731 Quidam
293 661 401 733 quidem
411 669 439 717 et
449 669 561 732 propter
571 661 841 717 inuidiaanbristum
852 676 923 731 prm·
1497 659 1504 676 ⁶

130 756 233 820 dicant,
257 753 368 825 quidam
389 760 481 809 tutem
506 761 619 823 propter
631 754 733 810 bonam
754 753 925 810 voluntatem
1289 727 1329 786 ⁰⁶
1341 730 1453 787 11111111·

131 846 216 916 (Phil.
228 845 274 916 n).
472 923 482 941 θ
1302 864 1438 907 tuturus.

459 948 591 991 usurus.
1011 935 1102 993 Bonus
1121 936 1205 992 bomo
1218 937 1253 993 de
1274 939 1346 995 bono
1369 941 1497 998 thesauro
1517 944 1620 1014 proiert
1639 948 1724 1017 bona,
1738 960 1770 1008 et

166 1026 226 1082 iila
236 1027 360 1084 earnium
375 1028 481 1084 sanitas
494 1026 594 1094 corula,
608 1025 724 1098 putredo
738 1026 841 1083 mium
853 1026 925 1082 luri·
974 1026 1062 1084 malus
1075 1028 1158 1085 bomo
1173 1028 1208 1085 de
1228 1029 1300 1086 malo
1315 1031 1441 1087 timauru
1455 1032 1558 1103 profert
1570 1036 1641 1092 mala
1656 1037 1769 1110 (nauti.

150 1118 156 1131 ’
203 1117 226 1171 Ρ
273 1158 281 1174 .
357 1160 364 1175 .
974 1131 1035 1173 xn.

130 1118 206 1265 dliiie
219 1121 421 1266 crriiueiia'sicum
433 1209 546 1267 bomine
557 1209 661 1277 invido,
673 1226 724 1267 nec
736 1209 875 1268 desideres
882 1211 924 1269 ci·
1010 1119 1062 1275 iiui
1076 1223 1093 1265 a
1112 1218 1257 1283 semetipso
1271 1212 1401 1283 loquitur,
1414 1219 1526 1283 glonaur
1542 1231 1678 1289 proprium
1692 1234 1772 1292 quae·

131 1299 184 1356 bos
206 1299 266 1370 ejus
281 1318 288 1355 :
302 1301 431 1371 quoniam
454 1300 672 1358 insimilitudine
695 1302 772 1358 arioli
787 1312 816 1359 el
829 1303 924 1375 cuuis·
975 1300 1189 1375 uilliconum).

130 1393 215 1450 eteris
225 1394 342 1448 aestimat
354 1392 426 1464 quud
441 1393 547 1464 ignorat
562 1392 654 1465 (Pras.
670 1395 761 1462 xxrrrl.
844 1405 847 1409 ·
1312 1412 1421 1453 russos.

43 1522 49 1544 .
167 1488 287 1545 tomedo
301 1489 413 1558 cobibe,
427 1489 501 1546 uices
515 1490 573 1559 sibi,
586 1498 705 1548 samem
720 1491 779 1561 ejus
802 1504 858 1548 nou
880 1496 923 1548 est
1012 1484 1137 1552 lernou,
1162 1485 1429 1553 suscitatorum,
1452 1488 1595 1559 loquentes
1620 1490 1694 1563 quod
1715 1508 1774 1551 nou

131 1585 221 1636 tecum
236 1578 343 1652 (ibid).
976 1583 1084 1646 oportet
1097 1577 1122 1651 (l
1138 1577 1205 1635 iim.
1221 1579 1260 1652 r).

168 1673 219 1743 Qui
231 1674 283 1731 sibi
293 1673 405 1742 inridet,
417 1674 485 1730 nibil
495 1681 538 1731 est
550 1674 597 1732 illo
612 1674 727 1746 nequius
739 1672 838 1749 (deols
853 1677 922 1748 arr).
1011 1666 1052 1722 iu
1066 1677 1156 1726 autem
1178 1670 1291 1742 loquere
1304 1686 1364 1744 quae
1384 1672 1482 1729 decent
1504 1688 1597 1731 sanum
1618 1675 1775 1732 doctrinam

442 1778 612 1825 aususrurus.
940 1739 965 1801 Β
979 1755 1005 1827 (¹
1021 1755 1089 1816 11111·
1103 1760 1148 1832 n),

167 1855 269 1912 luridis
283 1864 398 1913 cunctas
410 1857 526 1914 virtutes
539 1864 713 1927 coneremat;
728 1872 779 1931 per
796 1858 925 1917 iuvidiam
1301 1866 1434 1912 titution-

135 1946 298 2018 praedicatur
311 1946 359 2003 tibi
373 1945 495 2005 cbristus
509 1948 664 2007 crucifixus.
786 1964 789 1968 “
1011 1942 1041 1998 ln
1055 1940 1224 2013 multiloquio
1238 1951 1382 2013 peceatum
1395 1958 1449 1999 nou
1464 1944 1552 2001 deerit
1566 1944 1657 2018 (Prso.
1669 1946 1713 2019 x).

168 2034 269 2090 luridis
282 2034 391 2091 etliror
404 2050 487 2108 super
500 2038 592 2094 omnia
605 2039 743 2096 inebriant
757 2039 889 2097 animam
1011 2033 1063 2099 Qui
1082 2039 1173 2088 autem
1193 2032 1350 2089 1101111111
1371 2031 1441 2089 iiiii
1461 2048 1522 2102 ⁸¹¹³,
1546 2036 1776 2106 prudentissimi!

168 2119 221 2177 ilbi
231 2130 274 2178 est
285 2121 397 2193 invidia,
409 2138 486 2181 autor
496 2125 675 2184 inienuitatis
686 2142 811 2185 essenon
824 2136 925 2199 potest.
975 2133 1016 2181 est
1030 2123 1121 2196 (Prot.
1139 2123 1218 2195 stur).
1252 2134 1255 2139 ·

172 2213 223 2280 Qui
236 2214 339 2271 inridet
359 2231 414 2273 nou
427 2225 521 2273 aurat:
537 2227 702 2289 preceptum
715 2219 815 2276 diaboii
828 2220 857 2276 iu
876 2220 926 2278 illo
1010 2215 1126 2288 Propter
1147 2222 1260 2287 pectilia
1283 2215 1429 2276 labiorum.
1445 2219 1523 2276 ruina
1540 2220 1677 2292 proximat
1698 2220 1776 2281 mais

133 2318 188 2370 est.
203 2309 267 2378 quia
281 2308 405 2366 diabolus
419 2311 564 2370 inridendo
577 2314 687 2372 decidii.
976 2305 1068 2376 (wa
1082 2310 1145 2372 lili·

87 2454 91 2461 „
170 2398 235 2456 ideo
255 2402 543 2471 cognoscitur-invidia
558 2420 612 2462 non
629 2420 710 2479 pos„
730 2422 791 2466 ως
813 2408 842 2468 t„
859 2408 928 2466 ψῃ.
1011 2398 1061 2465 Qui
1086 2397 1204 2456 custodit
1226 2414 1258 2457 os
1284 2415 1381 2469 suum,
1403 2402 1522 2459 custodit
1546 2405 1663 2460 animam
1690 2419 1774 2462 suant

132 2493 224 2550 ritate.
975 2487 1067 2562 (Prot.
1084 2492 1151 2559 uxr).

171 2580 224 2640 Per
237 2584 362 2643 inuidiam
376 2587 447 2644 euim
460 2586 585 2644 Christus
598 2587 743 2646 crucillxus
754 2598 805 2648 est.
1012 2580 1062 2648 Qui
1076 2589 1166 2636 1111111
1180 2581 1394 2640 inconsideratus
1406 2592 1448 2642 0⁸²
1461 2583 1494 2640 ad
1509 2585 1683 2655 loquendum,
1699 2602 1769 2644 ⁸⁶¹¹·

170 2673 233 2732 ideo
246 2685 336 2734 autem
353 2678 511 2748 quiinrldet
524 2678 602 2736 iratri
615 2696 674 2748 suo,
694 2681 825 2752 cruciilqit
845 2681 923 2739 curi·
975 2673 1026 2729 1111
1048 2672 1134 2742 miii,
1161 2673 1189 2729 iu
1216 2674 1290 2730 omui
1316 2691 1400 2748 opere
1430 2677 1502 2733 10110
1524 2677 1576 2733 eiii
1598 2677 1771 2736 thudinii!

132 2774 215 2825 atum.
977 2765 1147 2839 (Prosunt).

441 2876 619 2919 urrnonruus.
1012 2856 1062 2913 Ubi
1075 2867 1166 2915 autem
1181 2860 1262 2916 rerba
1281 2869 1344 2918 suut
1361 2861 1487 2932 pluruma,
1502 2862 1539 2919 ibi
1553 2861 1683 2933 irequeus
1706 2874 1776 2935 eqe-

171 2945 286 3018 Semper
300 2949 415 3007 virtutes
429 2954 551 3023 sequitur
565 2954 675 3010 invidia.
976 2959 1033 3008 stas
1047 2950 1156 3025 (litun.

166 3037 278 3110 ilaguus
292 3049 335 3098 est
347 3043 389 3099 rir
400 3045 446 3114 qui
461 3045 588 3101 iuvidiam
603 3046 755 3103 bumilitate
767 3054 889 3119 superat.
937 3090 962 3154 c
1013 3041 1115 3112 Liuius
1131 3042 1279 3112 illutibilis,
1293 3043 1394 3114 iignum
1408 3045 1481 3101 vilte-

452 3148 605 3190 assrosrus.
1015 3133 1079 3200 Qum
1091 3133 1270 3190 immoderata
1284 3142 1337 3201 est,
1352 3144 1475 3192 conteret
1488 3137 1611 3207 spiritum
1626 3135 1724 3204 (i'rou.
1738 3132 1773 3210 ι).

170 3215 332 3278 luridusest
345 3225 476 3293 certequl
491 3225 667 3284 iacitbouum
680 3241 758 3284 suum
771 3229 927 3288 inridendo
1014 3223 1137 3280 fluminis
1158 3231 1200 3280 eti
1221 3225 1342 3280 animum
1363 3240 1525 3296 praeparare,
1547 3234 1576 3282 et
1597 3223 1707 3281 Domini
1720 3238 1776 3296 pra·

133 3308 296 3378 supplicium
309 3311 437 3368 alienum.
978 3316 1092 3372 beruare
1106 3315 1223 3384 linguam
1234 3330 1312 3371 suam
1325 3315 1415 3389 (Pron.
1431 3314 1499 3386 art).

451 3420 605 3464 curuuurus.
1014 3407 1146 3464 lluluutas
1168 3420 1262 3479 regum
1281 3407 1353 3463 labia
1372 3408 1467 3478 iusta:
1491 3406 1537 3477 qui
1556 3404 1788 3476 reraloquitur.1

173 3490 246 3547 llors
260 3501 434 3563 peccatorum
452 3504 494 3552 est
511 3496 633 3554 inridere
651 3497 679 3555 iu
701 3499 762 3558 aliis
782 3501 927 3561 uirtutibus
977 3497 1097 3569 diligitur
1107 3497 1213 3569 (tiis).

134 3580 248 3651 bouum,
261 3583 335 3654 quod
349 3585 401 3656 ipsi
415 3585 517 3645 babere
529 3604 583 3646 uon
597 3599 737 3661 appetunt.
1014 3591 1064 3659 Qui
1078 3591 1201 3648 attonitis
1215 3590 1301 3648 oculis
1314 3590 1415 3661 cogitat
1432 3603 1529 3662 prava,
1549 3587 1679 3648 mordens
1700 3588 1776 3647 labia

171 3676 222 3744 Qui
237 3678 264 3732 iu
278 3679 453 3737 sedunorum
466 3683 580 3753 qratiam
593 3685 703 3742 minime
716 3697 925 3760 recognoscunt,
976 3698 1037 3749 sua,
1051 3682 1158 3755 perlicit
1170 3683 1270 3740 malum
1284 3683 1374 3756 (Prot.
1391 3684 1465 3755 tur).

135 3769 239 3841 majora
252 3769 312 3828 aliis
325 3787 381 3830 nou
395 3773 543 3832 invideant.
1011 3774 1062 3844 Qui
1077 3777 1181 3832 exaltat
1195 3791 1243 3832 cor
1256 3790 1347 3841 suum,
1360 3774 1457 3844 quaerit
1469 3773 1574 3828 ruinam
1587 3772 1698 3844 (ibid).

51 3860 57 3871 '
464 3878 593 3922 rsmouus.
963 3866 967 3885 '
1012 3864 1065 3934 Qui
1087 3865 1244 3921 moderatur
1257 3879 1397 3922 sermones
1416 3878 1490 3929 suos,
1503 3863 1637 3919 ductuset
1650 3865 1777 3935 prradeut

173 3951 249 4010 tinus
262 3954 350 4012 bouus
363 3955 482 4026 proiicit,
497 3958 559 4014 inde
573 3956 679 4015 invidus
693 3960 872 4020 coutubesrlt.
976 3965 1028 4023 est.
1043 3966 1071 4013 et
1083 3956 1193 4028 pretiosi
1207 3956 1318 4026 spiritus
1331 3955 1373 4010 rlr
1383 3953 1504 4008 eruditus
1518 3953 1624 4025 (illidi.

169 4042 277 4101 luridus
294 4046 444 4102 membrum
458 4057 500 4104 est
513 4049 625 4112 diaboli.
646 4050 723 4118 euius
738 4052 838 4109 inuidia
852 4066 926 4111 tuom
1011 4045 1085 4103 ltors
1099 4054 1127 4101 ei
1140 4047 1196 4101 1111
1210 4045 1376 4100 inmanibus
1390 4042 1495 4113 111181111-

135 4131 257 4189 introivit
270 4134 297 4189 iu
307 4134 403 4193 orbem
414 4143 558 4194 terrarum.
1012 4134 1079 4191 Cum
1095 4134 1326 4192 obsecrationibus
1341 4133 1459 4203 loquitur
1471 4146 1585 4203 pauper,
1599 4137 1628 4187 et
1640 4130 1723 4188 dives
1736 4132 1782 4188 ai-

171 4222 246 4279 iiulti
258 4227 346 4282 bonos
357 4227 456 4284 imitari
468 4229 575 4299 solunt,
595 4239 625 4287 et
637 4232 671 4289 tle
685 4233 819 4290 bonorum
834 4234 926 4308 proie·
976 4226 1076 4283 iibiiur
1088 4227 1184 4298 iiiiii·

134 4313 221 4371 stibus
236 4315 341 4371 luridis
354 4316 600 4380 litoretalrescuut.
1012 4318 1064 4388 Qui
1087 4328 1180 4376 autem
1207 4317 1359 4390 neglexerit
1379 4319 1436 4374 rlas
1459 4328 1524 4374 suas
1561 4315 1779 4374 morutoebtmr

171 4404 310 4461 i'lebillter
323 4405 484 4477 deplorandi
497 4419 561 4466 suut
575 4413 620 4483 qui
634 4414 697 4470 odio
712 4412 739 4469 in
755 4413 865 4471 iratrem
879 4423 924 4471 ts·
941 4449 966 4506 ο
980 4411 1069 4480 (Prot.
1083 4410 1123 4481 xi.

135 4495 257 4552 boscum.
382 4526 385 4532 ·
1016 4503 1098 4558 labia
1120 4500 1337 4564 deosculabitur,
1365 4499 1412 4568 qui
1432 4507 1504 4554 recta
1526 4498 1607 4553 rerba
1623 4499 1779 4570 respondet

170 4586 270 4643 luridis
293 4603 402 4647 sensum
426 4591 544 4662 mordet,
566 4601 686 4651 menum
710 4592 809 4664 aiicit,
832 4604 927 4669 pectus
978 4592 1165 4664 (Pronum).

136 4680 198 4734 urit.
1013 4684 1065 4751 Qui
1084 4681 1201 4740 custodit
1213 4696 1245 4738 os
1258 4696 1347 4747 suum,
1362 4687 1390 4734 et
1404 4678 1522 4747 linquam
1542 4690 1630 4738 suam.
1650 4678 1778 4736 custodit

171 4771 271 4829 invidia
283 4788 331 4831 eor
343 4774 462 4836 bominrs
472 4778 549 4849 quasi
561 4778 685 4848 quaedam
699 4780 783 4850 pestis
793 4780 923 4854 depascit.
978 4777 1012 4832 ab
1026 4774 1157 4845 augustiis
1169 4773 1287 4829 animaru
1301 4785 1378 4828 suam
1394 4768 1489 4840 (imo.
1502 4769 1571 4840 xxi).

173 4863 307 4920 Aduersus
321 4864 447 4921 iuvidiam
460 4867 578 4923 charitas
592 4880 770 4939 preparetur.
1276 4877 1352 4918 tusus
1362 4874 1464 4917 stum·

172 4953 211 5010 lic
221 4954 293 5011 bono
308 4956 419 5012 alterius
431 4973 486 5013 uon
506 4957 609 5026 doleas,
624 4958 658 5013 de
672 4958 784 5015 alterius
798 4958 928 5032 proiecti·
1013 4957 1072 5014 lloii
1085 4957 1184 5014 eilatm
1193 4968 1253 5012 este
1265 4954 1293 5009 iu
1308 4952 1399 5024 linqua
1410 4959 1468 5020 tas,
1479 4958 1508 5006 et
1516 4949 1620 5006 inutilis
1631 4955 1661 5006 ei
1673 4950 1775 5008 renis·

136 5044 187 5101 bus
202 5061 255 5102 nou
270 5046 402 5104 tsbsseas.
977 5065 1024 5106 sus
1040 5048 1066 5103 iu
1082 5046 1208 5118 operibus
1222 5043 1275 5099 tuis
1289 5040 1374 5117 (decl.
1390 5041 1439 5112 rr).

171 5135 275 5194 Nullius
289 5137 470 5209 prosperitate
481 5134 619 5192 lacereris.
1013 5140 1174 5209 Priusquam
1194 5134 1289 5191 audias
1310 5147 1345 5188 aa
1366 5131 1535 5202 respoudeat
1552 5132 1679 5200 verbum,
1694 5139 1726 5185 et
1747 5128 1776 5184 in

463 5241 597 5285 russatus.
978 5232 1068 5290 medio
1082 5232 1219 5289 mulorum
1233 5242 1267 5284 ue
1278 5225 1391 5296 adjicias
1404 5222 1480 5295 loqui
1491 5222 1606 5295 (decim.
1619 5225 1661 5293 ιι).

170 5320 279 5378 luridiae
293 5337 370 5378 error
388 5337 443 5379 uos
466 5320 556 5378 solum
576 5319 726 5392 religiosas,
742 5325 792 5377 sed
812 5329 841 5378 et
861 5320 929 5379 siles
1015 5323 1114 5378 marus
1124 5322 1165 5377 rir
1179 5320 1227 5390 qul
1243 5332 1297 5375 uos
1310 5327 1353 5375 est
1367 5317 1457 5388 lapsus
1469 5317 1596 5372 rerboex
1608 5331 1658 5372 ore
1671 5332 1735 5386 suo,
1748 5328 1773 5375 et

136 5413 239 5469 animas
254 5413 387 5484 pervadit.
979 5426 1033 5468 uon
1047 5418 1090 5466 est
1102 5409 1257 5466 stimulatus
1269 5407 1298 5463 in
1311 5405 1421 5463 tristitia
1433 5404 1526 5461 delicti
1540 5402 1640 5475 (Enete.
1656 5414 1690 5475 ι).

467 5519 592 5560 rursus.
1014 5505 1167 5570 Antequam
1180 5497 1310 5569 loquaris,
1324 5495 1397 5552 disee
1411 5493 1511 5565 (Fen.
1527 5493 1587 5561 stt).

171 5594 271 5650 inuidia
282 5596 353 5651 enirn
368 5596 524 5654 muuliestat
542 5611 593 5655 uos
611 5596 774 5655 charitatem
789 5596 836 5656 bei
851 5598 925 5670 peni·
1013 5592 1065 5659 Qui
1087 5591 1145 5650 odit
1165 5588 1367 5663 i⁰i⁰²0iiiiims
1389 5584 1538 5656 emungunt
1552 5583 1684 5642 1111111111
1706 5583 1771 5657 (tte-

137 5685 370 5744 tusuuultabcre.
978 5687 1040 5745 tica.
1054 5683 1102 5755 rs).
