3780 6120
144 246 199 305 tun
770 245 1023 307 sclurtntslttltt
1042 247 1158 307 lisso.
1729 255 1784 316 tut

143 359 306 433 surrigendo
330 360 506 432 multiplicat,
531 360 615 432 litque
639 369 670 417 nt
695 361 753 433 eins
776 362 873 419 leuitas
886 361 979 426 sibiA
1255 376 1442 419 reomenses.

144 455 179 512 sit
189 453 283 520 noxia,
299 461 327 508 et
336 451 466 523 subiectis
479 452 597 509 inimica.
1022 449 1110 506 ludex
1118 450 1227 521 sapiens
1238 450 1369 521 judicabit
1381 452 1510 524 populum
1524 468 1613 521 snum,
1640 462 1668 511 et
1681 455 1780 513 ciuita-

480 563 609 606 rsrnorus.
895 620 897 626 s
987 548 1028 597 tes
1049 542 1270 599 inhabitabuntur
1283 558 1436 614 persensus
1454 543 1619 615 prudentum
1639 546 1726 618 (dcci.
1738 549 1779 617 x).

178 638 219 695 lte
227 637 293 710 quid
305 637 374 694 ultra
384 638 481 695 leniter
491 651 564 708 agas,
573 654 607 696 ne
617 647 719 696 lemme
730 638 831 711 aliquid
842 639 935 698 iacias.
1022 630 1127 689 Effluit
1138 634 1209 691 d0¹¹²
1226 643 1363 691 0¹⁰³0⁰³¹¹i
1376 635 1471 692 ⁰0⁰¹⁰⁵
1487 635 1610 706 iudicum
1631 637 1716 709 (30⁶4
1733 640 1780 712 11)·

473 739 627 788 creausus.
1023 722 1167 780 Rectorem
1191 726 1269 796 posui
1296 734 1323 781 te
1337 726 1402 782 dicit
1421 726 1568 796 Dominus,
1600 728 1657 785 noli
1685 730 1780 787 extolli

174 823 308 880 docibilis
323 832 412 880 autem
436 824 482 879 ille
497 833 538 881 est
552 824 599 894 qui
611 831 654 880 est
670 822 704 880 ad
715 822 870 882 discendam
885 839 935 897 pa·
987 814 1099 890 (Εθθῑθίι
1111 824 1209 889 ¹¹¹⁰)-

146 915 265 972 tiontiam
280 915 389 971 humilis
398 922 427 970 et
437 915 520 970 mitis.
1022 909 1088 966 Esto
1103 910 1204 976 inillis,
1215 909 1292 982 quasi
1305 925 1374 967 unns
1388 926 1422 967 ex
1433 911 1486 967 illis
1499 911 1609 985 (liridi.

476 1014 603 1057 susurrus.
1022 997 1144 1069 Regnum
1156 1014 1170 1055 a
1184 1008 1264 1070 gente
1276 1001 1412 1070 ingentem
1424 1003 1592 1072 transfertur,
1607 1011 1720 1076 propter
1733 1005 1776 1062 in·

177 1095 287 1151 Levitae
296 1094 372 1163 cupit
388 1108 495 1166 semper
509 1093 622 1162 landari.
637 1093 707 1151 sicut
719 1094 796 1150 naris
814 1093 935 1165 jactatur
984 1090 1113 1162 justitias,
1128 1100 1156 1147 et
1170 1092 1293 1163 injurias,
1308 1100 1336 1148 et
1349 1094 1538 1162 contumelias,
1561 1103 1590 1152 et
1599 1095 1720 1154 diversos
1729 1096 1779 1153 do-

143 1186 243 1257 absque
256 1188 448 1258 gubernatore.
986 1183 1028 1242 los
1042 1185 1156 1257 (Enetos.
1167 1187 1207 1255 x).

175 1278 255 1335 Sicut
275 1279 393 1348 jactatur
409 1293 425 1333 a
439 1276 579 1347 fluctibus,
593 1286 630 1334 rta
650 1286 678 1334 et
696 1276 762 1334 levis
775 1277 933 1335 circumier-
1022 1278 1107 1335 Sedes
1125 1277 1223 1333 ducum
1239 1277 1417 1348 superborum
1432 1276 1564 1334 destruxit
1573 1277 1665 1350 Deus,
1691 1287 1720 1336 et
1732 1296 1779 1338 se-

145 1378 185 1428 tnr
197 1371 333 1428 instabilis
345 1385 394 1441 per
408 1385 502 1426 omues
514 1379 592 1426 actus
604 1385 679 1427 suos.
984 1367 1051 1426 dere
1064 1368 1127 1424 iecit
1140 1367 1219 1424 mites
1232 1383 1282 1439 pro
1296 1366 1347 1423 illis
1367 1365 1477 1439 (ltin).
1519 1356 1524 1366 ’

408 1478 444 1518 11
456 1478 525 1517 vtile
544 1477 662 1518 ΡᾸΊΊΠΙΙ.
1288 1491 1468 1533 mmmmm,

173 1550 346 1608 llansnetum
368 1551 455 1622 diligit
477 1551 617 1621 Dominus,
646 1552 829 1610 turbulentum
842 1561 934 1611 autera
1019 1568 1079 1625 Νοῃ
1103 1568 1270 1626 laerincemus
1288 1569 1322 1624 ad
1341 1568 1435 1624 laudes
1453 1567 1595 1636 humanas,
1610 1583 1661 1627 noe
1675 1570 1779 1643 vitupo-

145 1644 324 1717 ”l‘ffiim-
986 1665 1104 1718 rationes
1117 1676 1211 1718 eornm
1221 1677 1445 1732 expavescamus.

173 1737 251 1793 sicul
273 1735 346 1791 ellim
367 1735 461 1790 lucifer
471 1734 497 1790 ili
508 1735 590 1805 emin,
608 1743 636 1792 et
649 1735 719 1792 sicui
731 1733 794 1790 felix
808 1733 836 1790 in
851 1715 972 1807 lim-B
1023 1751 1079 1807 1)ρο
1099 1752 1170 1807 enim
1196 1751 1303 1824 pldoel'e
1317 1760 1453 1819 curantes,
1468 1753 1555 1811 minag
1574 1755 1713 1814 hominum
1729 1772 1779 1829 pe.

147 1825 214 1894 diso,
229 1826 308 1883 sicin
322 1827 410 1881 anima
424 1827 483 1882 miti
500 1842 576 1884 mens
589 1842 668 1899 pura.
985 1840 1058 1896 nisus
1069 1856 1124 1897 non
1139 1841 1292 1898 timeamus.

177 1916 312 1985 Quantum
333 1917 405 1972 enim
428 1918 543 1989 quisque
568 1918 595 1972 in
619 1918 729 1973 lenitate
747 1932 780 1974 ac
802 1916 933 1988 patientia
1301 1948 1457 1991 epscopus,

142 2011 229 2068 cordis
243 2009 335 2080 luerit,
353 2017 457 2065 tantum
471 2011 499 2066 in
513 2009 603 2066 cordis
615 2010 733 2082 puritate
744 2009 877 2081 proliciet.
1019 2023 1078 2080 Non
1110 2023 1270 2080 morientem
1288 2070 1291 2075 ,
1306 2025 1408 2096 quippo
1431 2025 1584 2094 mortificas,
1609 2029 1656 2098 qui
1672 2027 1775 2099 jussum

476 2119 610 2160 sessurus.
983 2112 1108 2178 damnat;
1121 2122 1149 2169 et
1160 2128 1214 2169 nnn
1230 2114 1361 2170 victurum
1372 2114 1510 2175 uirideare
1524 2119 1628 2186 nititur,
1642 2121 1688 2191 qui
1698 2136 1775 2177 reum

171 2195 327 2252 Bestiarum
338 2194 430 2251 feritas
443 2195 492 2250 llei
502 2197 602 2250 virtute
615 2194 789 2251 mansuescit.
983 2218 1001 2259 a
1014 2204 1147 2275 supplicio
1158 2203 1266 2262 soluere
1277 2212 1402 2261 conatur.

162 2284 364 2344 llnmanarero
373 2286 462 2343 rabies
475 2301 525 2343 nec
539 2285 657 2342 serarum
666 2285 932 2358 mitescitexemplis.
1315 2310 1445 2352 neronom.

466 2391 603 2435 resersus.
1019 2379 1070 2447 Qui
1089 2388 1165 2437 recte
1176 2381 1287 2450 judicat,
1302 2389 1330 2437 et
1345 2382 1484 2454 praemium
1498 2383 1563 2442 inde
1577 2389 1776 2445 remuneratio·

170 2470 329 2528 inconsulta
354 2471 494 2528 temeritas
512 2471 600 2526 nescit
615 2467 758 2527 consilinm
773 2477 933 2543 exspectare
982 2469 1026 2528 nis
1043 2479 1193 2543 exspectat,
1218 2472 1340 2527 trandern
1363 2471 1390 2528 in
1411 2472 1527 2530 borniuo
1541 2483 1678 2547 perpetrat
1691 2495 1697 2530 :
1711 2480 1775 2548 qnia

126 2562 225 2621 ducis.
980 2558 1123 2630 justitiam,
1147 2575 1227 2631 qnam
1242 2561 1324 2632 gratis
1343 2562 1475 2634 impartiri
1489 2564 1596 2633 debuit,
1619 2569 1776 2639 acceptione

423 2694 537 2818 ΨΜ
551 2694 687 2818 ΡΨ..
981 2653 1238 2814 petellxnlissa'iplrlgptpe
1254 2744 1372 2815 primum
1394 2759 1499 2816 quere,
1529 2756 1559 2804 ut
1582 2764 1645 2806 euru
1670 2749 1776 2822 justitia

327 2806 365 2862 De
378 2805 520 2861 rectoribus
535 2821 586 2861 stne
603 2802 745 2876 gunterius.
982 2829 1105 2888 depingas·

466 2929 602 2972 tunitius·
1017 2924 1123 2980 Nullum
1138 2926 1302 2986 condemnes
1315 2936 1379 2985 ante
1389 2929 1531 3000 judicium.

169 3028 261 3087 llolite
270 3027 403 3098 iudicare,
419 3033 449 3080 nt
462 3039 517 3080 non
525 3022 683 3094 indicemini
693 3020 801 3094 (dotti.
814 3017 875 3090 nir).
1017 3013 1191 3088 Anteproba,
1207 3027 1235 3074 et
1247 3019 1287 3076 sic
1296 3020 1400 3090 indica.

170 3123 201 3180 ln
222 3137 278 3193 quo
306 3121 378 3176 enim
397 3118 499 3190 judicio
527 3116 723 3188 judicaveritis,
743 3113 931 3185 judicabimiui
1017 3106 1076 3164 Non
1103 3109 1176 3167 euim
1196 3111 1243 3180 qui
1263 3120 1425 3183 accusatur,
1446 3113 1495 3172 sed
1518 3115 1566 3187 qni
1588 3118 1773 3189 convincitur,

119 3217 248 3290 (stiffi).
978 3209 1042 3255 reus
1056 3205 1107 3254 est.

173 3312 208 3367 lit
219 3311 246 3367 in
262 3324 316 3381 qna
326 3320 453 3364 mensura
465 3303 552 3361 mensi
567 3301 681 3368 fueritis,
692 3299 790 3357 eadem
801 3306 930 3355 remetre·
1263 3334 1378 3395 CAPUT
1392 3336 1486 3393 mn

122 3399 391 3471 mosonium).
1489 3379 1497 3394 '

170 3492 263 3548 liolite
275 3489 398 3560 judicare
420 3487 567 3544 seeundum
581 3484 688 3553 lactem,
710 3482 758 3540 sed
768 3481 871 3554 justum
884 3481 929 3552 ju·

120 3578 234 3638 dicium
245 3578 367 3649 iudicate
379 3577 470 3651 (loos.
484 3576 544 3648 nrt).
1307 3596 1443 3640 canterus.

474 3683 586 3725 sersus.
1015 3666 1108 3725 dstote
1129 3668 1275 3740 prudentes
1289 3671 1360 3728 sient
1369 3679 1520 3744 serpentes,
1532 3681 1560 3731 et
1569 3672 1705 3749 simplices
1719 3679 1773 3737 sic·

169 3764 248 3822 Juste
261 3762 334 3833 qnod
346 3761 448 3833 iustum
459 3769 510 3826 est,
524 3756 696 3830 persequeris
707 3754 797 3829 (Dent
809 3754 861 3828 rr).
978 3767 1009 3817 nt
1021 3759 1151 3818 columbe
1162 3761 1270 3830 (llettlr.
1287 3763 1325 3834 x).

482 3869 591 3909 nunnus.
1319 3872 1429 3915 nosses.

171 3946 230 4021 Non
243 3961 310 4018 ergo
323 3947 438 4018 amplius
449 3944 600 4014 judicemus
616 3942 740 4008 invicem,
756 3940 804 3996 sed
818 3940 871 3995 boc
885 3937 928 4009 iu·
1013 3942 1100 4000 llonm
1114 3943 1246 4002 delicatus
1263 3956 1292 4002 et
1311 3946 1464 4006 luxuriosus
1477 3951 1557 4008 valde
1571 3951 1702 4011 invidebit
1715 3954 1772 4011 ira·

127 4040 225 4098 dicate
239 4041 342 4111 magis,
364 4053 399 4093 ne
413 4037 519 4109 ponatis
539 4033 730 4092 offendiculum
743 4032 871 4089 fratribus
886 4030 929 4088 rel
978 4036 1014 4092 tri
1026 4035 1176 4108 sunilleio.
1197 4037 1300 4110 xsrrn).

128 4129 474 4203 wrrdalumilioumrr).
1323 4145 1434 4187 nunnus.

462 4234 592 4277 sanuses.
1013 4218 1117 4275 Bonum
1131 4228 1220 4275 autem
1245 4217 1373 4276 iacientes
1385 4234 1440 4276 non
1452 4220 1626 4290 deliciamus,
1651 4231 1773 4297 temporo

174 4313 277 4372 lustitia
291 4323 428 4371 rectorum
450 4312 577 4369 liberabit
592 4325 651 4378 eos,
672 4317 700 4366 et
714 4309 742 4365 in
756 4305 860 4364 insidiis
871 4305 929 4363 suis
978 4318 1067 4366 autern
1082 4325 1132 4367 sno
1146 4317 1278 4367 metemus
1292 4326 1346 4367 nou
1358 4310 1515 4370 deficientes
1529 4311 1602 4385 (Get.
1616 4315 1666 4387 rr).

132 4405 275 4475 (capientur
289 4405 373 4474 iniqui
388 4403 478 4476 (Pron.
493 4401 544 4474 ιι).
940 4417 968 4478 1)
1312 4420 1443 4461 stennon.
1751 4472 1756 4483 q

176 4489 923 4568 beritiustusanimasinmentornmsuerumil’rou.sn).
1014 4492 1178 4566 Simplicitas
1196 4492 1329 4566 justornm
1347 4495 1445 4567 diriget
1464 4511 1522 4565 eos,
1542 4507 1570 4554 et
1591 4497 1773 4570 supplantatio

178 4583 200 4642 in
216 4586 391 4642 multitudine
403 4586 494 4658 populi
507 4586 623 4655 dignitas
636 4585 717 4655 regis,
742 4592 770 4640 et
793 4584 820 4639 in
833 4581 927 4654 pauci·
977 4599 1167 4658 perversorum
1179 4586 1293 4643 vastabit
1304 4587 1366 4644 illos
1379 4588 1470 4659 (Pron.
1482 4591 1534 4660 ιι).

138 4680 193 4732 tate
204 4678 291 4749 plebis
306 4677 450 4746 ignominia
460 4676 588 4747 principis
599 4675 690 4747 (Pron.
704 4677 771 4745 xro).
1013 4676 1119 4736 luentia
1138 4680 1267 4750 simplicis
1278 4680 1368 4750 dirigit
1379 4681 1448 4736 riam
1461 4680 1530 4752 ejus,
1549 4688 1578 4737 et
1591 4680 1618 4737 io
1632 4680 1773 4754 impietate

177 4767 197 4825 lu
219 4768 357 4825 bilaritate
377 4769 467 4825 uultus
481 4770 551 4838 regis
565 4769 637 4833 vita,
662 4776 690 4824 et
711 4767 855 4825 clementia
869 4765 928 4838 ejus
979 4783 1027 4824 sua
1039 4769 1255 4841 corruetimpius
1271 4769 1380 4842 (lirini).

135 4861 211 4919 ‘tuni
223 4861 361 4916 serotinus
371 4859 457 4915 imber
466 4859 559 4931 (Pron.
573 4875 677 4930 xruurp.
1015 4863 1145 4919 lnnocens
1160 4863 1246 4919 credit
1256 4864 1330 4920 omni
1345 4862 1440 4920 serbo.

171 4943 285 5022 Propter
297 4960 408 5021 peccata
423 4962 512 5020 terrae,
527 4951 603 5007 multi
616 4953 753 5023 principes
766 4951 835 5023 ejus.
1014 4953 1065 5022 Qui
1076 4954 1177 5026 decipit
1188 4953 1276 5022 justos
1289 4954 1316 5009 in
1330 4953 1372 5009 ris
1383 4953 1464 5019 nrala,
1485 4952 1513 5009 in
1529 4953 1638 5010 interitu
1648 4968 1698 5010 sno
1710 4968 1772 5008 cor·

169 5040 254 5100 tuter
267 5045 420 5114 rubiginem
435 5045 469 5101 de
479 5052 602 5116 argento,
616 5055 644 5103 et
654 5045 807 5117 egredietur
820 5059 867 5101 vas
882 5061 928 5117 pu·
979 5054 1049 5113 ruet,
1061 5053 1090 5101 et
1106 5045 1242 5116 simplices
1261 5042 1436 5116 possidebunt
1447 5045 1517 5100 bona
1528 5044 1586 5114 ejus
1597 5043 1686 5114 (Pron.
1701 5043 1769 5110 surr).

127 5123 269 5194 mimum
283 5135 374 5210 (Pras.
391 5141 466 5212 xxo).
1017 5138 1072 5195 liri
1091 5138 1250 5207 sanguinum
1275 5136 1390 5193 oderunt
1407 5136 1575 5209 simplicem,
1597 5134 1663 5206 justi
1681 5143 1770 5190 autem

165 5227 256 5288 dulor
267 5231 433 5302 impietatem
446 5232 480 5289 de
500 5232 576 5289 vultu
588 5233 670 5304 regis,
684 5242 712 5290 et
725 5231 873 5289 firmabitur
882 5231 928 5304 lu·
978 5239 1104 5304 querum
1117 5231 1233 5286 animam
1244 5228 1313 5300 eius.

123 5311 206 5379 ‘litis
221 5323 405 5393 umonmejns
419 5323 528 5396 (tlte).
1289 5334 1469 5377 nunnusrnus.

164 5409 230 5472 Dux
248 5413 372 5486 indigens
382 5416 538 5488 prudentia,
563 5417 663 5476 multos
684 5417 813 5490 opprimit
825 5432 874 5489 per
887 5431 930 5474 ea·
1015 5416 1113 5473 Sancta
1138 5411 1275 5469 rusticitas
1299 5410 1349 5469 sibi
1372 5410 1423 5467 soli
1449 5408 1568 5481 prodest,
1595 5416 1623 5465 et
1640 5415 1771 5480 qnantum

1262 3449 1303 3505 ne
1318 3451 1492 3524 simplicitate.

123 5481 267 5564 hunniam
282 5506 373 5579 (Peos.
388 5509 494 5582 nour).
979 5513 1093 5568 asdillcat
1116 5523 1149 5564 es
1163 5509 1225 5563 vitre
1248 5506 1345 5562 merito
1363 5503 1510 5561 Ecclesiam
1528 5501 1643 5569 Christi,
1667 5510 1770 5558 mutum

169 5597 231 5659 Rex
242 5601 332 5671 iustus
350 5603 430 5673 erigit
440 5612 550 5674 terram,
571 5613 599 5664 et
619 5605 702 5661 homo
712 5602 930 5663 durnsdestrnet
981 5610 1062 5661 nocet
1074 5602 1096 5655 si
1110 5597 1309 5656 destruentibus
1325 5595 1465 5658 ueritatem
1477 5609 1532 5650 non
1546 5593 1664 5648 resistat.

129 5688 303 5770 Qtullium.
319 5697 407 5768 xxix).
1015 5687 1399 5762 luserroltoinoneurporis
1409 5683 1506 5755 nultus,
1524 5682 1772 5757 sedaaimaerigor
