3780 6120
142 318 188 378 ur
626 297 630 307 ’
774 308 1025 368 scrurtnusnuu
1044 309 1157 368 trnsn.
1720 306 1774 364 era

164 429 266 486 dirtos
290 438 439 496 erzorerae
461 419 592 479 orationis
614 428 656 477 est
678 419 812 478 celsitudo
837 421 971 483 abari-A
1018 421 1085 490 ueta
1113 420 1180 478 nllril
1205 421 1315 492 prodest
1338 421 1410 492 qrrnd
1441 420 1537 493 affligis
1563 435 1661 491 eorpus
1690 430 1775 486 turum,

140 523 216 578 satis.
982 513 1089 584 quando
1104 513 1170 568 niltil
1182 513 1289 584 proiicit
1303 515 1329 568 in
1342 513 1492 569 cordetuo.

177 610 241 665 lata
260 610 361 680 quippe
376 616 417 664 est
435 607 562 673 ebaritas,
586 621 647 678 quse
669 605 840 662 inimicorum
863 605 933 663 dils-
1017 604 1046 661 st
1071 605 1189 662 ebaritas
1203 621 1266 661 vcra
1287 615 1315 661 et
1336 607 1471 660 humilitas
1498 621 1552 661 non
1576 604 1721 668 adfuerint,
1743 605 1778 659 ele

136 703 230 760 etium
244 702 360 772 sapitur.
983 695 1043 753 solo
1062 698 1155 752 babitu
1169 696 1306 767 religionis
1325 712 1490 768 praesumere
1511 705 1539 752 ct
1561 695 1698 752 conlldcre
1722 711 1777 750 non

176 791 306 847 Fraterna
323 792 392 846 mala
406 790 525 848 ebaritas
539 790 726 860 lonpanimiter
741 795 841 858 portat.
985 787 1126 844 debemus.

161 883 301 939 ·t2baritas
319 892 409 936 auteur
424 895 487 936 sera
502 888 554 945 est,
580 890 609 935 et
632 880 748 933 amicum
772 876 884 947 diligere
906 875 935 930 ln
1318 895 1443 936 repara.

139 972 236 1037 lirum
253 984 281 1027 et
295 973 432 1027 inimicum
445 971 556 1041 diligere
570 979 682 1042 propter
696 970 791 1024 Deum.
1019 971 1142 1028 ebaritas
1155 971 1281 1027 columna
1295 981 1323 1027 et
1346 972 1544 1026 firmamentum
1559 970 1585 1024 in
1601 969 1689 1023 anima
1713 982 1777 1022 san·

175 1063 303 1132 orrispuis
326 1062 488 1118 charitatem
516 1062 685 1127 nonhabet,
725 1072 808 1114 onrne
834 1057 936 1113 bonum
984 1067 1091 1118 ctaest.

115 1165 119 1169 ’
141 1155 240 1210 amittit
255 1155 328 1227 quod
341 1154 432 1210 babet.
1300 1149 1413 1206 CAPUT
1434 1150 1465 1206 ΙΙ.

178 1247 346 1316 vtrex,quas
358 1246 492 1317 imperitia
519 1244 644 1314 denegat,
668 1241 787 1299 ebaritas
805 1240 936 1296 submini-
1283 1243 1322 1298 lle
1340 1245 1476 1314 patientie.

144 1355 217 1402 strat.
1314 1350 1450 1389 currtsrur.

177 1437 341 1504 uterumque
372 1435 490 1491 ebaritas
518 1435 677 1505 nuribusdam
711 1429 936 1503 occupationibus
1020 1428 1095 1486 Beati
1125 1427 1248 1499 paelici,
1282 1428 1411 1496 quurriam
1443 1425 1489 1479 lilii
1525 1423 1573 1478 Dei
1608 1422 1780 1478 rotabuntur

145 1525 299 1599 perspectu,
313 1534 342 1581 et
355 1527 457 1594 integra
472 1525 567 1596 llaprat
581 1527 607 1581 in
622 1525 715 1594 corde,
730 1530 864 1581 ettamen
880 1536 934 1578 non
986 1519 1092 1593 (ilerde.
1106 1522 1146 1592 ι).

145 1626 311 1674 monstratur
325 1619 352 1673 iu
367 1633 459 1688 opere.
1021 1613 1200 1682 inpatientia
1227 1618 1317 1668 uestra
1340 1609 1512 1682 possidebitis
1537 1608 1643 1665 animus
1671 1616 1778 1663 uestras

178 1707 248 1776 Quia
270 1709 312 1773 soi
327 1723 388 1764 curn
412 1709 482 1765 nube
499 1710 608 1779 tegitur,
622 1725 676 1766 non
690 1708 796 1764 videtur
813 1708 934 1775 interra,
987 1704 1062 1778 (ιιι.
1079 1706 1147 1778 ιιι).

145 1805 172 1853 et
184 1807 275 1853 tamen
300 1798 376 1853 ardet
390 1799 417 1854 in
432 1798 501 1856 coelo
513 1819 520 1854 ε
532 1801 572 1856 sio
585 1814 645 1856 esse
658 1808 788 1870 occupata
817 1799 935 1854 ebaritas
952 1769 974 1828 B
1327 1809 1439 1850 rrrrus.

145 1889 222 1952 solet,
236 1896 265 1942 et
277 1888 350 1943 intus
363 1889 417 1943 rim
439 1889 481 1945 sui
505 1890 612 1946 ardoris
625 1888 723 1954 exurit,
737 1898 765 1944 et
779 1888 844 1944 luris
857 1887 934 1942 llam·
1024 1885 1087 1942 lieo
1096 1893 1139 1942 est
1151 1884 1222 1941 enim
1235 1883 1332 1954 pratia,
1356 1884 1379 1939 si
1398 1888 1509 1953 propior
1521 1881 1715 1938 conscientiam
1731 1876 1779 1932 llei

145 1992 200 2034 nas
212 1978 256 2034 sui
270 1979 362 2048 operis
375 1993 429 2035 non
441 1980 568 2036 ostendit.
987 1974 1101 2031 sustinet
1115 1975 1174 2043 quis
1197 1974 1329 2041 tristitias,
1345 1972 1451 2045 paticus
1466 1971 1564 2040 injuste
1576 1969 1602 2043 (l
1615 1969 1686 2024 Pele.
1701 1970 1741 2038 u).
1866 1963 1871 1969 '

448 2106 626 2149 „mmm
1022 2064 1087 2134 Qrsae
1108 2067 1180 2121 enim
1202 2066 1287 2136 gratia
1301 2075 1354 2133 est,
1373 2065 1396 2122 si
1422 2071 1566 2136 peccantes
1578 2071 1606 2120 et
1617 2061 1780 2134 colaphizati

177 2179 324 2236 Terrarum
338 2179 481 2250 iongitudo
496 2197 550 2237 non
565 2188 938 2255 separatquosounqueamor
987 2160 1105 2216 ⁵⁰ff0f¹¹⁸
1119 2157 1237 2230 istd-l?

145 2268 241 2342 impp,
1023 2249 1077 2306 Sed
1091 2251 1114 2306 si
1133 2250 1344 2317 benefacientes,
1355 2250 1491 2322 patienter
1503 2246 1652 2315 sustinctis,
1667 2245 1725 2301 lucc
1739 2253 1782 2302 est

477 2379 606 2421 mmm·
988 2342 1073 2410 grat'a
1084 2341 1154 2411 apud
1168 2339 1252 2396 [leura
1266 2338 1373 2412 (litu).

1329 2446 1440 2488 rannus.

1023 2521 1173 2578 Tribulatio
1196 2522 1353 2594 patientiam
1374 2530 1514 2594 operatur,
1539 2521 1669 2594 patientia
1691 2529 1783 2578 autent

989 2617 1188 2689 probationem,
1202 2617 1327 2691 probatio
1337 2631 1404 2673 reru
1419 2631 1494 2687 spcrn
1507 2615 1596 2680 illem
1613 2615 1651 2687 r).

1026 2708 1095 2779 Spes
1107 2716 1197 2764 autem
1213 2724 1267 2764 nort
1282 2707 1423 2764 coniundit
1436 2726 1443 2762 :
1458 2709 1521 2777 quia
1536 2707 1654 2763 ebaritas
1669 2705 1714 2761 ilci
1730 2704 1783 2760 dii·

989 2800 1048 2856 lusa
1061 2809 1102 2857 est
1116 2800 1142 2855 iu
1156 2799 1281 2856 cordibus
1302 2800 1403 2855 nostris
1426 2814 1475 2870 per
1496 2798 1625 2869 Spiritum
1646 2806 1782 2864 sarnetum,

990 2891 1037 2961 qui
1050 2890 1129 2946 datus
1142 2900 1183 2946 est
1198 2891 1276 2946 nobis
1288 2890 1393 2963 (lite).

179 2477 310 2546 Quamvis
334 2475 456 2532 nonnulli
479 2476 531 2533 ilde
551 2485 632 2547 atque
644 2476 771 2548 operibus
784 2476 885 2533 sanetis
898 2475 940 2532 ri·

150 2567 258 2624 deantur
270 2583 333 2624 esse
347 2566 503 2638 participes,
517 2577 606 2622 tamen
622 2568 685 2638 quia
698 2571 836 2638 privantur
847 2567 938 2624 cbari-

151 2658 336 2716 aeterternae
350 2657 515 2727 dilectionis,
536 2659 641 2714 nullutn
662 2659 762 2715 babent
787 2657 939 2714 incremen-

153 2755 199 2805 tum
213 2751 336 2806 uirtutis.

176 2839 286 2896 Nullum
301 2840 440 2911 praemium
456 2840 587 2896 charitate
598 2848 736 2910 pensatur.

176 2933 303 2988 Charitas
323 2932 395 2988 enixu
416 2933 543 2988 virtutum
570 2932 689 2988 omniunt
711 2931 815 2988 obtinet
837 2930 940 3004 princi·

150 3037 246 3094 prtum.

173 3118 304 3177 Teurnia
326 3135 387 3176 cum
407 3119 507 3176 sanctis
519 3119 584 3174 viris
609 3119 699 3174 unitas
722 3118 862 3175 charitatis
885 3113 977 3180 :etc

1026 2980 1055 3038 Si
1074 2981 1132 3038 lieri
1156 2991 1255 3053 potest,
1280 2982 1353 3051 quod
1376 2983 1402 3037 in
1417 2982 1494 3037 nobis
1514 2988 1566 3048 est,
1582 2996 1643 3037 cum
1658 2978 1783 3036 ornatibus

989 3073 1146 3129 bominibus
1157 3088 1252 3143 paoem
1268 3073 1398 3128 babentes
1413 3071 1502 3144 (Rern.
1516 3071 1574 3143 stt).

1026 3164 1158 3221 Patientia
1169 3165 1328 3220 enimvobis
1340 3165 1503 3227 necessaria,
1516 3170 1545 3217 ut
1556 3161 1722 3218 uoluntatem
1736 3159 1784 3215 ilei

990 3258 1131 3323 incientes,
1146 3257 1292 3327 reportetis
1305 3256 1511 3327 promissionem
1527 3254 1621 3327 (llclr.
1634 3256 1676 3324 rx).

1026 3345 1123 3404 Pacem
1141 3347 1285 3418 sequimini
1299 3363 1359 3404 curn
1372 3348 1497 3405 omuibus
1518 3356 1547 3404 ot
1566 3346 1783 3411 sanctimoniam,

991 3442 1051 3499 sine
1061 3456 1115 3512 qua
1129 3456 1210 3498 neuro
1219 3440 1322 3497 ridebit
1336 3438 1420 3495 lleurn
1436 3437 1532 3507 (liebr.
1549 3439 1609 3508 sn).

1328 3547 1451 3588 ircosus.

1026 3623 1160 3681 Patientia
1173 3633 1263 3681 autem
1278 3639 1347 3695 opus
1370 3622 1519 3694 perlectum
1544 3623 1652 3689 lrabeat,
1673 3631 1703 3678 ut
1727 3624 1786 3679 sitia

991 3713 1104 3785 perlecti
1117 3723 1146 3771 et
1159 3715 1265 3784 integri,
1282 3714 1308 3769 irr
1323 3714 1397 3770 nullo
1411 3714 1568 3772 dedeieutes
1580 3714 1683 3787 (iacob.
1700 3716 1730 3785 r).

1027 3802 1128 3860 Beatus
1142 3804 1183 3858 sir
1197 3804 1242 3874 qui
1256 3802 1351 3859 suiiert
1366 3805 1542 3859 tentationem
1559 3821 1566 3857 :
1581 3805 1709 3872 quoniam
1724 3819 1786 3859 cum

992 3894 1122 3965 probatus
1134 3894 1225 3959 luerit,
1237 3893 1352 3965 accipiet
1366 3909 1494 3950 coronam
1506 3895 1577 3960 ritae,
1597 3909 1677 3964 qrram
1692 3910 1787 3966 repro·

186 4024 306 4084 beruco
320 4027 438 4084 ebaritas
450 4037 493 4085 est
505 4028 614 4085 dileetio
626 4029 675 4086 liei
690 4038 717 4085 et
731 4027 856 4100 proximi.
993 3985 1066 4042 ’Μ
1075 3984 1147 4041 ⁰⁰¹¹⁸
1157 3983 1329 4053 ¹³⁵¹i⁸⁰¹¹¹¹¹³⁸¹⁵
1340 3999 1370 4040 ⁵⁰
1384 3982 1492 4056 (nid-l·

184 4113 277 4171 (imnis
288 4117 361 4173 euim
372 4118 479 4174 bonitas
491 4132 525 4174 ex
539 4119 670 4174 charitate
680 4128 707 4174 et
716 4118 868 4174 bumilitate
878 4131 943 4188 pro·
1321 4089 1451 4130 mm
1612 4164 1619 4177 .
1668 4165 1674 4178 .
1779 4166 1785 4178 .

126 4206 232 4262 edit.
1028 4165 1079 4235 Qun
1094 4177 1200 4240 patiens
1214 4175 1267 4233 est,
1283 4166 1366 4220 rnulta
1382 4165 1547 4233 gubernatur
1561 4179 1713 4235 saptenrra;
1741 4181 1786 4236 qur
1877 4198 1880 4203 ·

993 4268 1084 4313 autern
1121 4257 1262 4327 impatiens
1300 4263 1360 4323 est,
1397 4256 1499 4311 exaltat
1535 4254 1675 4309 stultitiam
1709 4269 1786 4309 suaru

187 4389 392 4445 ddissensiouis
406 4391 477 4446 nralu
491 4394 630 4448 continere
642 4407 718 4446 suam
734 4392 851 4463 linguam
860 4393 942 4450 debet
994 4349 1086 4422 (pm
1104 4348 1170 4420 ¹¹⁹)-

126 4480 286 4545 (ΝΜ
298 4488 328 4535 e,
341 4480 735 4550 dmmvinculumchfflmis·
837 4472 861 4495 a·
955 4438 1125 4529 Dllelior
1146 4445 1188 4493 εει
1210 4435 1315 4507 patiens
1334 4435 1392 4490 siro
1416 4433 1500 4490 lorti:
1517 4443 1545 4489 et
1567 4433 1612 4504 qui
1632 4432 1786 4489 dominatur

996 4534 1087 4591 animo
1098 4549 1158 4599 suo,
1174 4540 1359 4601 expugnatore
1374 4530 1477 4586 urbiunr
1494 4528 1584 4601 (Pror.
1600 4530 1640 4598 x).

142 3220 245 3276 quanto
257 3227 291 3268 se
305 3212 489 3283 unusquisque
512 3211 647 3268 subtrabit
663 3209 774 3278 mundo,
796 3218 872 3265 tanto
891 3224 940 3265 ne·

138 3311 221 3359 essse
237 3312 281 3359 est
295 3311 326 3358 ut
340 3317 370 3358 se
383 3302 500 3359 associet
512 3302 645 3358 bonorum
660 3300 809 3357 consortio.

177 3393 306 3450 Charitas
319 3391 347 3448 in
361 3392 505 3449 dilectione
519 3391 566 3447 bei
582 3398 609 3446 et
620 3391 735 3461 proximi
750 3398 865 3446 constat.

179 3485 279 3542 Servat
289 3492 380 3540 auteur
390 3483 417 3539 in
427 3498 458 3538 se
471 3483 644 3539 dilectionem
655 3481 715 3548 Ilei,
724 3482 771 3552 qui
782 3482 940 3557 aelraritate

127 3582 197 3632 lon
211 3575 341 3631 diuiditur
353 3575 483 3645 proximi.

179 3666 258 3734 eris
272 3666 391 3721 fraterna
403 3666 535 3722 societate
548 3667 709 3733 secernitur,
731 3681 747 3721 a
768 3665 865 3721 divinae
876 3664 941 3721 cba-

127 3754 237 3812 rionis
247 3755 457 3828 participatione
470 3757 600 3827 privatur.

183 3849 304 3916 breuem
315 3855 406 3901 autern
426 3843 474 3900 [lei
493 3860 523 3901 se
548 3853 673 3917 separant
689 3845 735 3915 qui
751 3845 941 3916 semetipsusa

121 3933 280 3992 elrsritate
290 3937 451 3993 dissociant.

469 4314 625 4355 ctrlttsttus.

229 4682 235 4694 ¹
307 4683 333 4695 ,.
482 4606 610 4653 mm·
695 4685 701 4697 1
1030 4624 1156 4680 Doctrina
1170 4622 1220 4678 uiri
1236 4638 1284 4692 per
1297 4621 1453 4693 patientiam
1476 4621 1596 4675 noscitur
1610 4618 1701 4691 (Pron.
1717 4621 1784 4688 xrs).

189 4680 236 4748 0⁰¹
258 4682 393 4739 ⁰¹¹²f¹¹⁸⁸⁰
419 4683 514 4755 9¹⁰⁰·ss
527 4694 579 4753 ⁰⁸¹1
595 4684 740 4755 “²¹¹(W'u0
754 4686 844 4742 ³¹¹¹⁰¹⁰
858 4694 887 4743 ⁰²
898 4701 942 4743 ⁵⁶·
1030 4715 1161 4770 l'atientia
1183 4714 1299 4770 lenietur
1320 4715 1453 4784 princeps.
1474 4721 1502 4768 ct
1513 4712 1602 4783 lingua
1615 4713 1702 4767 nroilis
1716 4727 1784 4768 cou-

137 4773 295 4876 Wlf⁸5⁸¹⁰
307 4774 528 4877 V⁰¹¹¹¹l³¹⁰⁰0di¹·
547 4780 550 4788 ¹
664 4869 671 4881 ·
994 4808 1092 4877 iringet
1103 4805 1228 4862 duritiam
1240 4803 1334 4876 (Prae.
1349 4804 1423 4875 uxr).

190 4862 234 4919 lu
244 4874 336 4921 autern
350 4866 414 4922 odro
424 4866 519 4937 plenus
532 4869 652 4924 ambulat
664 4869 818 4925 rraeundus.
1029 4899 1124 4955 nepot
1137 4907 1179 4954 051
1189 4898 1293 4969 parterm
1308 4904 1453 4966 arrogante
1464 4895 1548 4964 (Eccl.
1564 4894 1622 4966 ur).

479 4994 621 5036 cassurus.
1302 5003 1473 5044 aususausus.

191 5066 287 5123 me
311 5077 403 5124 tillem
428 5070 587 5128 cherihlem
612 5079 639 5127 el
651 5068 742 5129 verim
762 5071 942 5130 obediendam
1030 5081 1081 5150 Qui
1102 5093 1167 5151 erpo
1181 5079 1262 5136 luerit
1275 5080 1421 5151 patientior
1438 5079 1472 5135 ad
1495 5078 1633 5150 iniuriam,
1647 5078 1785 5149 potentior

154 5157 312 5221 retinentes,
327 5160 393 5215 nibil
406 5159 441 5216 de
454 5162 554 5218 nostris
567 5163 669 5218 meritis
682 5177 883 5234 praesumamus,
896 5162 944 5220 sed
995 5177 1174 5233 consumetur
1187 5176 1215 5230 in
1229 5189 1322 5244 regno.

156 5248 190 5306 dt
203 5251 249 5308 Dei
265 5253 365 5309 villule
378 5253 557 5331 confidamus·
1030 5265 1164 5330 Quantum
1176 5265 1279 5334 patiens
1289 5273 1330 5319 est
1340 5262 1470 5320 Dominus
1482 5273 1574 5319 noster
1585 5264 1611 5318 ita
1623 5262 1786 5318 sustinendis

191 5340 264 5398 7²¹5*
278 5344 350 5399 enlm
369 5346 944 5418 ⁸lml⁸i¹¹00h²rlltleiei¹1ll²rq⁰²¹3⁸⁵5¹¹0
995 5358 1101 5413 delictis
1120 5357 1229 5421 nostris,
1250 5366 1352 5412 tanturn
1366 5372 1477 5412 seuerus
1499 5357 1550 5411 erit
1569 5357 1597 5412 in
1611 5354 1787 5412 discutieudis

160 5431 217 5489 oleo
231 5436 355 5491 lucerua.
996 5449 1100 5504 actibus
1116 5447 1225 5504 nostris.

191 5527 261 5584 liibil
275 5529 355 5587 nobis
369 5531 479 5603 prodest
493 5535 564 5606 quod
579 5550 629 5593 nos
641 5537 776 5594 continuis
790 5536 887 5606 sigiliis
906 5535 946 5592 la·
1306 5553 1484 5595 utrsortrrrus.

159 5612 498 5695 bcnbrsqueeoolleimus,
515 5627 537 5682 si
553 5627 621 5682 intra
642 5643 691 5685 nos
710 5629 867 5685 charitatem
892 5646 945 5687 riou
1033 5634 1061 5690 Si
1077 5641 1166 5688 autem
1181 5631 1347 5690 credentium
1358 5648 1410 5702 pax
1424 5632 1546 5690 cbristus
1560 5641 1612 5701 est,
1636 5633 1790 5704 prunaque

159 5704 300 5770 libem·
516 5799 528 5808 ἡ
586 5760 588 5768 1
869 5777 880 5815 ι,
998 5727 1055 5785 sinc
1071 5740 1136 5796 paee
1152 5733 1203 5794 cst,
1220 5724 1733 5794 consequentcrnccChristumlrubat.
