3810 6128
143 237 195 295 bi!
772 226 1025 287 mtutttbtuutt
1046 228 1158 287 trouu.
1715 233 1767 291 ult

470 363 596 406 nisinen.
940 346 967 405 Α
1017 342 1131 411 Vigilate
1143 342 1217 397 omni
1229 349 1351 412 tempore
1362 349 1481 408 orantes,
1492 351 1522 397 ut
1532 342 1603 413 digni
1615 342 1768 420 habeamini

171 443 224 500 tbi
238 448 327 497 autem
339 439 437 495 inerint
448 439 582 511 lacrymae,
595 433 740 508 spiritualis
750 433 819 504 ignis
830 443 926 487 aceen-
978 434 1070 504 lugere
1086 436 1175 490 omnia
1191 451 1250 506 quae
1264 435 1350 489 lutura
1364 443 1437 503 sunt,
1458 444 1486 492 et
1498 447 1572 494 stare
1594 445 1658 494 ante
1671 438 1768 496 Filium

125 535 219 599 ditur,
231 532 278 604 qui
289 540 394 587 recreta
407 533 506 584 mentis
517 528 659 583 illuminat.
978 527 1095 583 bominis
1107 526 1182 596 (Luc.
1194 526 1263 597 xxi).
1305 557 1311 567 ·

465 634 591 675 tstuunus.
768 670 772 675 ,
1014 617 1097 675 Orate
1111 627 1212 684 autem,
1222 634 1256 674 ne
1269 619 1316 672 ilat
1330 616 1390 689 iuga
1406 626 1492 675 restra
1507 618 1534 674 in
1546 618 1634 678 bieme
1644 619 1688 676 vel
1698 618 1769 676 sm·

168 711 253 768 Prius
270 711 342 767 enirn
356 708 494 780 purganda
507 708 633 781 lacrymis
645 716 709 762 sunt
722 705 788 760 ritia
798 718 858 774 quae
868 714 928 772 pet·
979 712 1044 767 tinio
1060 711 1169 783 (Marte,
1185 718 1269 780 xiii—p,

119 804 234 871 simus,
249 810 277 857 et
289 811 353 855 tunc
367 799 496 854 mundata
512 799 609 853 mentis
620 797 688 863 acie,
703 796 730 852 id
743 796 817 864 quod
828 791 929 862 quaeri·
1320 815 1428 856 emus,

119 908 196 952 mus
211 891 435 960 contemplemur,
449 895 479 942 ut
490 887 552 942 dnm
565 896 644 942 antea
657 883 857 940 bendoanobis'
865 895 928 953 pec·
1016 891 1201 962 Impertientes
1215 889 1329 945 inuicem
1353 891 1483 946 honorem
1495 898 1625 958 tanquam
1646 889 1769 945 coben-

118 985 188 1042 0215
204 980 470 1052 “¹¹80d0101'85ffli2
486 977 621 1034 mundasti
641 976 731 1033 widii
744 975 830 1032 ⁰0⁰5ss
844 973 929 1028 Ῑὶὓθῐθ
979 983 1055 1040 dibus
1067 984 1158 1053 pratiae
1170 984 1241 1047 vite,
1259 992 1352 1037 utnon
1369 981 1547 1053 impediantur
1569 980 1707 1037 orationes
1720 992 1770 1034 ue·

118 1091 256 1147 superna
268 1073 455 1143 inspiciantur.
485 1073 508 1128 J
979 1082 1041 1127 strae
1060 1072 1085 1144 (l
1103 1071 1174 1125 Pete.
1185 1073 1237 1141 ιιι).

165 1166 225 1234 Qui
238 1181 317 1222 ueras
337 1164 469 1233 lacrymas
480 1161 663 1224 indesinenter
683 1161 777 1230 fundit,
799 1170 929 1219 ettamen
1320 1177 1430 1217 cnutus.

120 1272 255 1329 peccare
265 1271 318 1311 nen
332 1255 441 1322 desinit,
462 1254 506 1309 bic
521 1254 667 1309 lamentum
681 1255 773 1323 habet,
787 1253 835 1310 sed
850 1269 930 1310 mun·
1015 1255 1134 1310 Orationi
1151 1255 1291 1317 instantes,
1304 1260 1414 1308 orantes
1438 1252 1511 1307 omni
1534 1260 1656 1321 tempore
1670 1252 1698 1308 in
1711 1251 1767 1324 spi·

119 1350 280 1406 dationem
294 1361 347 1401 non
363 1346 453 1401 habet.
981 1348 1044 1415 ritu,
1055 1347 1195 1416 vigilantes
1210 1346 1237 1401 in
1251 1347 1324 1401 omni
1335 1344 1437 1413 iustitia
1454 1343 1542 1415 (ilem.
1556 1343 1616 1414 ιιι).

167 1440 356 1510 Compunctio
367 1438 503 1494 cordisesl
512 1438 649 1493 humilitas
660 1439 759 1494 mentis
769 1455 830 1495 cum
841 1439 931 1513 iacry-
1317 1448 1438 1489 locotus.

119 1535 186 1588 mis
206 1532 301 1587 oriens
310 1531 343 1585 de
358 1528 542 1586 recordatione
554 1529 658 1598 peceati
669 1535 697 1582 et
716 1529 812 1585 timore
824 1529 930 1599 judieii.
1017 1531 1098 1586 orate
1110 1543 1158 1599 pro
1170 1527 1295 1592 inuicem,
1311 1535 1340 1581 ιιι
1350 1526 1489 1582 salvemini
1506 1524 1608 1597 (lacet.
1619 1524 1659 1596 r).

165 1625 224 1680 iiia
247 1631 291 1680 est
312 1621 448 1678 conrersis
471 1620 616 1691 perfectior
633 1613 847 1689 compunctionis
867 1619 933 1677 ade·
1020 1621 1131 1678 butten
1141 1621 1213 1676 enim
1224 1620 1294 1675 calet
1306 1618 1460 1689 deprecatio
1470 1617 1535 1687 justi
1550 1616 1656 1675 assidua
1666 1615 1771 1688 (tlte).

116 1719 189 1773 etio
200 1730 266 1784 quae
281 1729 374 1769 omnes
386 1729 402 1768 a
413 1729 443 1769 se
456 1713 603 1768 carnalium
616 1712 809 1768 desideriorum
820 1711 932 1770 abiectus
947 1680 972 1740 B
1313 1727 1443 1766 snconou.

115 1807 258 1878 repellit,
284 1813 311 1860 et
332 1804 505 1859 intentionem
516 1819 593 1859 suam
612 1811 670 1859 toto
690 1805 788 1860 mentis
800 1803 890 1860 studio
903 1802 932 1858 io
1020 1804 1112 1874 Longe
1122 1813 1164 1860 est
1178 1804 1305 1859 bominns
1319 1803 1353 1857 ab
1366 1801 1466 1871 impiis,
1486 1809 1514 1857 et
1528 1801 1666 1857 orationes
1682 1801 1772 1870 iusto·

114 1899 179 1954 Dei
192 1895 457 1966 contemplationem
472 1894 573 1963 dettssit.
983 1911 1043 1952 rutn
1059 1895 1184 1950 exaudiet
1200 1892 1289 1962 (Pron.
1305 1893 1362 1961 nv).

164 1986 320 2042 Geminam
339 2000 399 2040 esse
411 1984 646 2053 compunctionem
667 1983 792 2052 dicimus,
803 2000 857 2055 qua
867 1999 933 2055 pro·
1019 1986 1114 2043 lielior
1133 1994 1176 2042 est
1197 1985 1257 2041 linis
1281 1983 1411 2040 orationis
1436 1997 1517 2054 quam
1537 1980 1697 2054 principium
1709 1978 1774 2052 (Ee-

112 2088 196 2150 pter
214 2077 304 2132 licum
325 2076 415 2130 anima
428 2074 558 2144 cuiusque
581 2074 660 2130 electi
674 2075 806 2131 edicitur:
823 2075 851 2130 id
875 2082 930 2141 est,
983 2082 1044 2136 cies.
1057 2080 1116 2151 un).

104 2168 169 2223 tei
185 2166 261 2222 dom
281 2178 391 2235 operum
410 2179 520 2219 suorum
541 2163 610 2219 mala
629 2164 792 2233 considerat,
811 2164 855 2221 vei
868 2165 932 2220 dum
1019 2175 1089 2230 Ante
1109 2173 1259 2229 orationem
1275 2186 1395 2242 prepara
1419 2169 1536 2225 animam
1559 2176 1645 2235 tuam,
1666 2178 1695 2226 et
1718 2169 1774 2228 noti

99 2258 278 2317 ΰθδῑᾱθΐῑθ
290 2265 395 2313 mim
411 2256 471 2311 '5¹oe
488 2257 616 2327 susiiim·
983 2282 1043 2325 esse
1055 2264 1132 2336 quasi
1147 2267 1229 2320 bomo
1239 2264 1284 2334 qui
1296 2271 1381 2318 tentat
1391 2261 1474 2317 ileum
1490 2260 1702 2331 (uerterent).

158 2349 300 2416 0133ῑῦοΓ
314 2355 376 2402 ⁸⁰⁰²
394 2347 538 2415 (1031ῑῦῑὸ
555 2346 728 2404 θίῐθθῑῑθῦῦῐῐῑ
742 2348 839 2420 quibu!
855 2361 932 2404 ¹⁰0¹·ss
1017 2357 1066 2425 Qui
1080 2362 1225 2413 conservat
1237 2355 1359 2417 verinum,
1371 2351 1530 2422 multiplicat
1541 2351 1691 2407 orationem
1707 2348 1773 2419 (Ee-

84 2439 195 2512 justi
221 2436 370 2493 salubriter
385 2435 465 2492 tedio
478 2438 683 2508 compungitur,
702 2439 753 2494 boe
766 2447 817 2505 est,
828 2453 933 2495 memu-
983 2448 1045 2502 ciea.
1057 2448 1150 2515 xxxv).

84 2535 163 2589 ria
179 2527 390 2601 praeteritorem
405 2527 563 2594 facinorum,
579 2529 759 2586 consideratio
772 2531 932 2601 peregrina·
1018 2533 1242 2605 Deprecationem
1256 2530 1312 2586 laesi
1327 2529 1451 2586 exaudiet
1461 2528 1531 2584 beus
1543 2527 1655 2601 (decies.
1669 2529 1774 2601 mre).

81 2621 216 2677 tiociis
239 2633 297 2674 sum
320 2618 347 2672 in
368 2616 447 2686 hujus
466 2617 528 2672 rite
547 2617 757 2689 longinquitate,
777 2619 931 2676 recordatio
1017 2623 1110 2680 Oratio
1124 2622 1290 2677 humiliantis
1305 2636 1335 2676 se
1348 2622 1432 2675 nubes
1447 2617 1599 2689 penetrabit
1614 2617 1720 2691 (ibide).

67 2724 280 2784 poenarum
301 2708 459 2774 iuturarum,
478 2716 506 2762 et
518 2706 677 2763 desiderium
691 2722 814 2779 superne
827 2709 930 2781 patriae,
1017 2712 1078 2776 Fili,
1093 2713 1121 2767 in
1140 2721 1185 2766 tua
1202 2710 1359 2766 indemitate
1374 2725 1408 2764 ne
1421 2706 1554 2777 despicias
1569 2715 1597 2761 te
1609 2707 1705 2778 ipsum,
1721 2708 1771 2765 sed

61 2812 274 2873 quaternus
288 2798 321 2855 ad
338 2814 397 2856 mm
410 2800 570 2869 quantocius
583 2801 672 2855 ualeat
681 2802 832 2871 pervenire.
982 2819 1030 2860 ora
1045 2803 1141 2870 been,
1156 2809 1185 2858 et
1200 2802 1258 2872 ipse
1273 2801 1378 2855 curabit
1391 2808 1419 2854 te
1434 2797 1682 2868 (betesmon).

150 2893 243 2948 Sunt
261 2890 358 2960 quiex
378 2904 440 2945 rere
452 2889 539 2945 cordis
560 2892 767 2961 compunctione
789 2892 831 2947 sui
848 2905 929 2948 acco·
1016 2895 1143 2950 drentem
1157 2892 1265 2956 delicto,
1280 2899 1308 2946 et
1322 2890 1404 2959 dirige
1423 2903 1527 2957 monus,
1539 2891 1618 2944 etab
1628 2889 1701 2945 omni
1717 2888 1769 2946 de·

49 2991 169 3037 σαι
185 2995 243 3037 res
258 2977 328 3034 iiunt
347 2979 412 3033 :sed
427 2979 531 3034 tantum
546 2979 625 3037 adse
644 2995 703 3037 esse
717 2991 873 3051 peccatores
886 2997 930 3040 as·
981 2985 1045 3042 lictu
1059 2982 1158 3039 munda
1172 2997 1219 3038 cor
1232 2990 1306 3036 tuum
1324 2979 1429 3049 (ltin).

50 3073 258 3143 signant,
272 3080 303 3126 ut
316 3086 350 3126 ex
371 3072 435 3127 deta
458 3071 610 3129 bumilitate
635 3071 813 3131 consessionis
839 3073 931 3142 iocum
1293 3085 1465 3126 incusemus.

50 3159 280 3220 finveuiissi
295 3162 453 3217 antistatis·
1019 3165 1191 3223 Orationibus
1209 3161 1384 3225 mundamur,
1408 3159 1569 3216 lectionibus
1592 3159 1772 3215 instruimur:

147 3255 316 3325 ucryme
328 3253 399 3308 enim
412 3253 576 3324 poeuiteotiae
589 3252 658 3325 apud
684 3255 769 3310 Deum
782 3269 832 3326 pro
844 3254 934 3327 bapti·
984 3267 1127 3326 utrumque
1140 3256 1241 3311 bonum
1255 3261 1298 3308 est
1310 3253 1332 3307 si
1346 3252 1428 3308 tteeet
1443 3267 1451 3306 ι
1466 3251 1489 3306 si
1504 3265 1557 3306 tion
1570 3249 1661 3314 liceat,
1674 3250 1771 3306 meiius

43 3352 220 3402 suante
235 3352 409 3414 reputantur.
984 3356 1025 3404 est
1034 3360 1113 3403 orare
1122 3360 1202 3414 quam
1225 3342 1325 3411 legere,
1339 3341 1402 3410 quia
1416 3339 1442 3395 in
1457 3339 1573 3395 lectione
1587 3341 1775 3407 cognoscimus

146 3438 349 3508 Quapropter
358 3435 438 3506 dilige
449 3435 592 3509 iacrymas,
605 3446 633 3493 et
647 3451 744 3494 suares
761 3437 808 3494 tibi
823 3437 877 3494 siut
889 3437 931 3531 ia·
983 3438 1047 3509 quid
1060 3436 1149 3492 iacere
1163 3435 1302 3498 debemus,
1323 3432 1351 3486 in
1374 3431 1498 3487 emtione
1512 3430 1607 3485 eadem
1621 3431 1770 3501 accipimur

47 3535 250 3600 emm.
983 3546 1042 3600 quoe
1061 3527 1238 3600 postulamus,

145 3616 320 3675 Deiectent
332 3623 359 3670 te
371 3629 480 3684 semper
489 3614 578 3671 iuctns
589 3623 617 3671 et
628 3615 763 3688 iacrymce.
1018 3618 1110 3689 Neque
1124 3618 1168 3673 die
1180 3632 1271 3681 vaces,
1283 3629 1370 3685 neque
1393 3622 1475 3670 nocte
1492 3632 1498 3667 :
1512 3613 1559 3669 sed
1579 3628 1640 3669 eum
1662 3628 1775 3670 somnus

145 3708 239 3767 Ειιο
255 3715 362 3764 tautum
374 3722 475 3778 pronus
494 3707 529 3762 ad
552 3707 682 3776 lamento,
702 3717 833 3779 quantum
856 3707 930 3765 fuisti
983 3711 1018 3766 de
1030 3711 1113 3766 oculis
1125 3709 1177 3764 tuis
1186 3706 1323 3771 ceciderit,
1346 3714 1519 3761 tunesensus
1531 3713 1593 3760 tuos
1613 3704 1639 3759 in
1652 3703 1776 3761 oratione

32 3801 239 3859 Bonus
255 3797 417 3868 adentpam.
983 3802 1084 3870 vigilet.

145 3890 268 3960 Qualis
284 3888 333 3944 tibi
347 3887 397 3943 iuit
408 3889 442 3944 ad
454 3890 619 3961 peccandum
632 3890 758 3958 intentio,
773 3891 833 3948 talin
845 3891 882 3947 sit
894 3892 930 3948 ad
1018 3891 1110 3947 Oratio
1120 3890 1219 3945 munda
1231 3905 1247 3944 a
1261 3889 1381 3960 peccatis
1394 3889 1476 3943 babet
1489 3888 1613 3942 rainnero.

36 3978 326 4041 Doemitendum
340 3979 459 4035 devotio.
1018 3983 1048 4037 ln
1060 3981 1184 4037 oratione
1209 3986 1319 4062 paratus
1340 3984 1418 4032 esto:
1441 3975 1556 4031 ostende
1579 3973 1773 4030 conscientiam

147 4071 273 4128 Gravia
289 4071 362 4126 euim
377 4081 486 4142 peccata
501 4073 613 4141 grandia
626 4073 743 4130 lamenta
763 4073 928 4133 desiderant.
982 4074 1071 4132 cordis
1085 4073 1132 4138 tui,
1147 4078 1177 4125 ut
1191 4068 1348 4139 ampliorem
1362 4068 1475 4137 gretiam
1487 4067 1670 4136 consequaris.

474 4179 599 4221 sennem.
1292 4173 1467 4213 monentium.

154 4255 273 4312 Beatus
292 4268 409 4326 namque
422 4263 474 4322 est,
487 4263 515 4315 et
532 4261 573 4310 ter
585 4257 689 4324 beatus,
704 4260 826 4330 quisquis
847 4259 931 4326 beneq
1016 4254 1092 4311 Sicut
1106 4251 1218 4308 militem
1232 4251 1291 4305 sioe
1305 4249 1386 4303 armis
1400 4248 1434 4302 'ad
1444 4246 1545 4302 beilum
1554 4248 1629 4303 exire
1638 4263 1693 4303 non
1707 4264 1773 4305 cun·

50 4346 377 4418 eninpuncttenem
391 4347 537 4400 secundum
549 4346 642 4403 Deum.
941 4346 1065 4440 „venit
1081 4345 1118 4398 ita
1136 4341 1238 4398 bomini
1253 4339 1400 4394 christiano
1412 4336 1559 4407 procedere
1581 4337 1774 4408 quolibetsine

164 4435 355 4506 compunctio
367 4436 467 4491 sanitas
481 4443 523 4491 est
532 4437 637 4493 animae.
981 4434 1151 4493 erationibus
1163 4447 1217 4486 non
1232 4429 1349 4499 expedit.

171 4523 353 4596 compunctio
368 4523 526 4580 illuminatio
541 4533 584 4581 est
593 4527 698 4585 animae.
1017 4527 1193 4597 Egredientes
1205 4523 1239 4578 de
1250 4522 1368 4590 bospitio
1378 4526 1464 4575 armet
1478 4517 1574 4573 oratio.

175 4612 353 4683 compunctio
366 4613 487 4669 remissio
501 4627 673 4684 peccatorum
688 4626 740 4674 est.
1019 4615 1244 4686 Regredientibus
1255 4611 1290 4666 de
1304 4609 1392 4682 platea
1406 4610 1493 4665 oratio
1504 4618 1640 4666 occurrat.

178 4703 353 4774 compunctio
367 4702 495 4775 Spiritum
515 4714 636 4760 sanctum
652 4709 774 4779 perducit
787 4709 819 4764 ad
835 4723 875 4765 se.
1298 4718 1453 4758 cumulus·

73 4865 106 4878 ἱ
182 4794 355 4867 lnnpunctio
374 4795 537 4867 unigenitum
563 4796 699 4855 Christum
723 4798 788 4855 ben
807 4801 929 4859 babitare
1017 4804 1123 4870 Quanto
1137 4797 1252 4868 graviori
1266 4794 1382 4850 tumultu
1405 4793 1598 4861 cogitationum
1623 4795 1771 4852 eumalium

64 4878 217 4941 ’Μὰ
981 4897 1143 4967 premimur,
1168 4899 1243 4945 tanto
1266 4886 1383 4943 orationi
1404 4885 1542 4941 ardentius
1574 4885 1697 4942 insistere
1725 4888 1773 4942 dc·

182 4972 312 5048 lacrymae
322 4972 393 5046 apud
402 4973 486 5030 Deum
496 4976 620 5032 iiduciam
632 4977 698 5033 dant
706 4995 822 5052 semper.
980 4990 1082 5044 periens.
1567 4964 1571 4969 ⁴

183 5064 228 5122 titt
241 5068 368 5141 lacrymae
390 5066 537 5136 abundant,
559 5071 596 5126 ibi
616 5073 795 5142 cogitationes
815 5075 930 5133 sordidae
1017 5076 1056 5130 Ad
1067 5073 1254 5143 Deumquippe
1262 5068 1344 5125 corda
1352 5083 1413 5124 cum
1421 5068 1543 5123 manibus
1552 5067 1652 5131 levare,
1663 5074 1772 5120 estora·

74 5148 201 5213 ,ΜΒ
212 5161 413 5232 approximant.
537 5190 545 5206 ·
982 5165 1048 5222 tioni
1073 5172 1171 5218 nostum
1190 5161 1307 5217 studium
1323 5174 1383 5214 cum
1403 5159 1500 5213 merito
1522 5157 1586 5212 boni
1604 5155 1694 5225 operis
1717 5152 1769 5209 iru-

442 5249 556 5308 CAPUT
575 5252 632 5309 ttt.
983 5270 1094 5328 ponere.

447 5337 488 5395 De
502 5342 630 5398 maliem.
697 5359 699 5362 ’
1018 5346 1104 5403 Citius
1114 5345 1146 5401 ad
1159 5358 1268 5414 precem
1281 5341 1364 5411 judex
1378 5340 1505 5402 flectitur,
1515 5338 1537 5393 si
1548 5352 1563 5391 a
1576 5337 1707 5406 pravitate
1719 5350 1769 5393 sua

469 5446 604 5489 cunmrus.
983 5441 1084 5514 petitor
1096 5438 1255 5505 corrigatur.

182 5516 270 5576 onnia
282 5537 454 5594 quacunque
467 5525 608 5595 petieritis,
632 5526 661 5585 itt
680 5529 804 5588 eratione
817 5529 931 5591 creden·
1019 5532 1066 5588 iile
1088 5545 1153 5599 erqo
1167 5529 1195 5584 iu
1211 5527 1318 5582 nomine
1329 5524 1476 5581 salvatoris
1490 5523 1572 5593 petit,
1588 5523 1634 5595 qui
1648 5522 1710 5581 ittet
1721 5535 1770 5598 pe·

115 5600 199 5677 ¹⁹¹,
209 5612 342 5683 accipietis
357 5610 463 5685 (Uetti.
480 5616 548 5685 ιιι).
985 5624 1019 5681 tit
1035 5621 1107 5692 qnod
1122 5619 1256 5677 adrerum
1271 5618 1384 5676 sulutem
1393 5615 1519 5688 pertinet.
