3810 6128
130 264 201 323 1285
526 262 742 321 DONthONES
761 261 806 319 AC
826 260 1055 321 TESTAMENTA
1077 256 1195 325 [etse.
1216 257 1305 328 sitit,
1327 259 1401 317 stc.
1687 261 1764 316 ldbh·

131 383 188 453 ligo
214 379 366 450 liagoaldus
379 381 462 437 abbas
480 381 636 451 subscripsi.
652 379 795 451 Signum†
815 379 921 436 Leodo-
935 388 959 449 pq
972 375 1055 446 garit.
1081 374 1102 444 †
1125 373 1236 441 Signum
1264 373 1397 442 sigranni.
1425 373 1445 444 †
1472 372 1583 444 Signum
1609 371 1757 434 odilhardr.

48 513 60 521 .
131 473 208 528 l‘redo
228 471 305 526 duce.
328 469 384 538 ligo
408 469 579 528 Ehrobardus
599 471 684 525 comis
704 469 859 541 subscripsi.
874 470 919 526 Si·
969 466 1109 539 †Siguum
1124 462 1262 532 wiglullo.
1287 463 1432 536 †Siguum
1452 464 1584 520 adalindi.
1609 464 1757 535 †Sigouur

130 562 244 633 gnunr†
265 561 422 616 audachro.
446 560 556 629 Signum
571 560 590 630 †
604 558 751 614 Nordoido.
779 560 921 631 Siguom†
970 556 1418 629 Feumiill.†SignumLuntherti.
1433 557 1454 628 †
1468 555 1578 626 Signum
1594 555 1757 626 Trodolaigl.

130 650 334 707 Gundobertho.
361 651 472 720 Signum
493 650 667 720 †Witbario.
692 650 838 723 Signum†
861 650 920 705 wt·
970 648 1067 719 Egoiu
1081 649 1128 705 liei
1142 649 1252 704 nomine
1265 647 1402 705 lohannes
1425 649 1511 704 lector
1536 649 1758 707 lranereudicio·

129 757 208 813 grao.
223 740 279 810 ligo
293 741 397 811 liagiuo
415 744 498 796 abbas
511 742 669 810 subscripsi.
683 741 794 810 Signum
813 741 834 812 †
851 741 920 798 heo·
970 761 1032 802 nem
1046 745 1166 802 dictante
1179 743 1289 800 domino
1303 743 1542 800 linmanoahhate.

130 833 254 886 doberto.
269 829 325 899 ligo
336 830 363 885 in
378 831 423 886 liei
438 831 547 885 nomine
558 829 748 886 wilibrordus
760 829 916 900 subscripsi.

130 921 268 976 itouranus
280 919 395 976 clericos
405 919 476 974 huac
489 918 657 988 priuilegium
677 918 769 988 jussus
790 935 806 973 a
822 934 920 991 supra·
1325 897 1405 954 LXV·

128 1010 232 1081 scripto
245 1008 353 1080 seripsl.
971 988 1160 1044 Testamentum
1174 988 1282 1071 adele,
1308 990 1445 1096 pbiotimr
1461 985 1585 1044 Palatiuii
1601 988 1680 1060 juata
1693 986 1758 1043 Tre·

472 1098 562 1154 mv·
1229 1075 1295 1114 erras
1336 1059 1410 1130 (onst.
1421 1057 1498 1127 ¹152).

129 1189 290 1262 Chartam
301 1187 404 1245 Tireodo
416 1190 501 1245 crudit
514 1192 670 1247 monasterio
687 1190 849 1245 llarlocrtsi
858 1209 919 1263 por·
1005 1187 1099 1254 Aricia,
1111 1189 1138 1244 io
1152 1188 1261 1244 Christo
1271 1189 1384 1245 Domino
1395 1200 1499 1245 sacrata
1514 1190 1659 1258 abbatissa,
1671 1189 1762 1261 Dago-

164 1265 260 1317 ’ΜΝ
273 1277 348 1315 ’Μ
358 1261 385 1315 ⁵²¹
399 1276 489 1315 ”mm
500 1260 684 1316 mmmm
698 1269 711 1297 ⁸
724 1263 798 1326 (nnn.
808 1262 883 1332 ⁷3⁰l·
971 1279 1040 1337 berti
1050 1281 1122 1347 regls
1132 1278 1267 1348 quondam
1283 1278 1346 1332 lilia.
1361 1279 1428 1333 Cum
1448 1280 1632 1349 pervulgatum
1652 1287 1761 1335 noturu-

166 1372 282 1428 Domino
292 1372 439 1427 venerabili
452 1381 481 1427 et
494 1371 521 1426 in
534 1368 643 1426 Clrrlsto
658 1370 726 1442 patri
738 1372 862 1428 Romano
872 1371 920 1427 ab·
970 1387 1022 1441 que
1033 1371 1111 1427 bouis
1123 1370 1249 1426 omnibus
1264 1369 1300 1424 sit
1310 1370 1537 1438 quemadmodum
1561 1386 1610 1425 noa
1622 1377 1759 1425 monaste·

129 1463 196 1526 bati.
210 1476 263 1517 uua
277 1475 338 1516 cum
353 1471 446 1517 sancta
471 1462 687 1530 congregacione
702 1471 793 1517 restra
804 1462 839 1518 de
859 1476 918 1519 uro·
971 1463 1039 1520 ulum
1051 1463 1077 1518 in
1090 1462 1154 1517 uilla
1174 1461 1342 1531 quaereitur
1354 1459 1512 1516 Palatiolum
1538 1471 1561 1527 ε,
1575 1461 1602 1515 in
1615 1461 1672 1532 ripa
1687 1460 1761 1531 poi·

130 1550 248 1607 naslerio
258 1549 330 1621 quod
344 1564 457 1606 touatur
471 1551 680 1618 bluurobaccus;
697 1565 748 1619 ego
760 1554 787 1606 in
798 1551 846 1609 Dei
871 1568 918 1607 nu·
971 1564 1026 1609 turu
1040 1552 1158 1609 huminis
1171 1552 1376 1631 bloscllmquod
1390 1552 1476 1623 ipsum
1490 1550 1628 1622 aPippino
1641 1553 1758 1621 urnioru-

129 1643 202 1698 miue
212 1640 332 1708 Theudo,
348 1641 457 1696 venditu
472 1649 580 1696 constat
599 1656 643 1697 me
657 1640 917 1705 rohisreurlidisse.
970 1644 1074 1708 domus.
1090 1642 1208 1698 Treuiris
1220 1642 1418 1712 permutatione
1432 1642 1624 1712 quesivimus,
1646 1642 1760 1699 honori·

129 1731 203 1788 etita
214 1731 457 1795 conuiciatorem
485 1732 643 1803 porcionem
664 1746 751 1788 meam
774 1733 802 1787 in
827 1746 918 1787 marca
933 1736 956 1796 B
971 1751 1022 1805 que
1037 1735 1067 1791 S.
1088 1734 1178 1790 liaris
1192 1733 1306 1802 Virginis
1319 1733 1457 1802 genitricis
1472 1732 1577 1790 boroim
1598 1733 1761 1791 nestriiesu

131 1823 323 1889 hamarisstad,
336 1823 388 1878 hoc
400 1830 451 1888 est,
466 1823 598 1893 quinium,
613 1837 728 1894 cumque
740 1822 838 1879 ibidem
858 1837 919 1879 mea
971 1827 1070 1882 Christi
1084 1834 1112 1882 et
1128 1825 1268 1881 beatorum
1285 1822 1357 1878 Petri
1381 1831 1410 1878 et
1424 1822 1522 1890 Pauli,
1546 1831 1760 1894 caeterorumque

130 1912 237 1969 ridetur
250 1928 310 1970 esse
325 1915 459 1984 possessio
473 1914 500 1969 in
513 1916 602 1982 terris,
615 1914 701 1980 siluis,
714 1913 785 1970 sicut
795 1915 919 1986 superius
972 1929 1126 1975 sanctorum
1138 1917 1294 1986 jamdudum
1305 1916 1338 1970 ad
1349 1916 1453 1986 proprii
1463 1915 1618 1971 monasterii
1630 1931 1760 1972 usumex·

129 2006 255 2069 diximus.
271 2015 401 2073 quantum
426 2005 454 2060 ln
480 2005 539 2076 ipso
555 2005 608 2062 line
629 2015 681 2074 est,
704 2007 774 2060 uude
787 2005 880 2075 accepi
902 2019 919 2060 a
972 2009 1116 2073 uuxiruus.
1130 2008 1157 2063 in
1170 2022 1258 2078 eoque
1272 2007 1466 2062 monacharum
1480 2014 1597 2073 coetum,
1623 2005 1762 2078 disciplina

130 2094 208 2149 rolris
221 2094 291 2149 sieut
303 2095 373 2151 inter
384 2109 433 2149 noe
443 2094 543 2164 placuit
566 2102 647 2165 atque
668 2094 805 2161 conuenit,
820 2094 847 2149 in
870 2110 920 2150 an·
972 2108 1001 2156 et
1014 2099 1103 2169 regula
1116 2098 1146 2154 S.
1164 2096 1299 2154 benedicti
1315 2097 1473 2163 virentium,
1485 2095 1701 2168 aggregavimus3
1716 2093 1758 2150 la·

131 2198 203 2239 norm
218 2185 260 2239 rel
272 2183 325 2240 alio
335 2184 437 2254 precio,
453 2184 672 2244 ralerrtesolidos
686 2187 816 2255 triginta,
839 2186 866 2241 in
886 2199 919 2241 ea
972 2190 1095 2246 ciendum
1106 2187 1222 2258 denique
1237 2185 1315 2242 uobis
1329 2187 1416 2247 uisuru
1431 2193 1491 2251 est,
1517 2195 1546 2241 ut
1560 2188 1608 2242 has
1629 2187 1691 2242 uitae
1713 2186 1761 2242 ric·

129 2276 235 2331 ratione
245 2287 275 2332 ut
288 2277 322 2332 ab
336 2277 439 2333 hacdie
454 2277 576 2334 habeatis
599 2278 670 2347 ipsas
681 2286 777 2344 terras,
792 2288 820 2335 et
839 2278 921 2334 sileas
971 2278 1066 2350 gendo
1077 2277 1243 2334 necessarias
1261 2292 1337 2349 opes,
1352 2291 1419 2347 quus
1435 2277 1469 2332 de
1495 2276 1610 2349 propriis
1630 2277 1761 2332 hacteuus

131 2368 372 2437 possideremus!
392 2368 520 2437 quicquid
535 2368 633 2425 exindo
651 2369 740 2426 iacere
759 2368 921 2438 uolueritis,
972 2372 1075 2441 largita.
1101 2384 1212 2436 sumus,
1232 2369 1386 2425 testamenti
1409 2369 1490 2424 etiam
1513 2368 1637 2439 prasenti
1665 2369 1759 2439 pagiua

131 2457 242 2512 liberam
256 2473 288 2514 ae
300 2457 480 2515 hmuissiraam
492 2461 518 2515 iu
531 2461 656 2517 omuibus
666 2461 788 2517 habeatis
803 2471 924 2531 potesta·
973 2461 1205 2518 couiirmarcmus.
1219 2459 1350 2531 Legamus
1372 2459 1465 2532 itaque
1489 2469 1518 2516 et
1542 2460 1673 2517 donamus
1699 2462 1761 2517 huic

131 2556 196 2604 tem.
212 2548 241 2605 st
256 2551 315 2619 quis
329 2564 406 2617 tero,
418 2550 488 2622 quod
504 2549 623 2606 loturum
633 2567 693 2608 esse
713 2567 767 2607 non
777 2553 880 2620 credo,
899 2555 922 2610 si
973 2552 1047 2623 quod
1058 2553 1353 2620 diximusmouosterio,
1363 2552 1452 2607 uillam
1464 2566 1499 2607 no
1514 2558 1582 2608 tram
1596 2553 1762 2623 condicitur

131 2653 183 2710 ego
198 2639 268 2710 ipae,
281 2646 328 2695 aut
342 2639 455 2696 heredes
468 2642 521 2697 mel
531 2655 579 2696 seu
591 2641 719 2710 quelibet
732 2656 847 2711 perenm
861 2655 921 2711 qua
976 2646 1148 2708 Palatiolum.
1162 2647 1255 2717 inqua
1274 2643 1426 2700 conubium
1441 2657 1501 2700 esse
1512 2651 1697 2701 constructum
1721 2645 1761 2700 ri·

131 2740 226 2785 eontra
242 2730 312 2786 hanc
324 2731 511 2786 vendicionem
534 2745 616 2801 quam
639 2744 690 2799 ego
711 2739 859 2802 spontanea
875 2747 922 2787 ro·
975 2739 1063 2804 detur,
1079 2738 1160 2807 idque
1182 2735 1330 2792 cumomni
1345 2735 1519 2806 integritate,
1539 2744 1593 2789 tarn
1617 2734 1762 2801 domiuus,

132 2819 237 2877 laniate
252 2820 309 2876 deri
323 2821 428 2891 rogari,
438 2823 531 2878 venire
542 2824 712 2892 temptaverit
723 2820 922 2892 autiulrlugcre
974 2827 1105 2895 mdihciis,
1121 2826 1320 2894 additamentis,
1328 2825 1406 2892 casis,
1418 2825 1548 2892 curtibus,
1563 2822 1672 2892 mansis,
1687 2838 1763 2878 suan·

132 2909 257 2970 roluerit.
271 2917 299 2964 et
313 2925 327 2964 a
341 2910 409 2965 meis
422 2910 566 2966 heredibus
576 2909 745 2966 defensatum
760 2925 813 2966 uon
828 2909 920 2978 luerit,
976 2918 1064 2989 ceptis,
1077 2932 1157 2988 quam
1170 2916 1266 2982 uineis,
1280 2915 1392 2984 campis,
1406 2915 1499 2984 pratis,
1514 2915 1601 2981 siluis,
1614 2912 1763 2984 adjacenti·
1781 2910 1786 2924 ²

132 3000 256 3070 inprimis
270 3000 462 3069 omnipotentis
475 2999 523 3056 [lei
537 3000 581 3054 rel
594 3001 751 3069 augelorum
764 2999 823 3070 ejus
833 3000 920 3057 olien-
936 3039 958 3091 p.
975 3009 1036 3073 bus,
1048 3007 1191 3072 farinariis,
1205 3005 1282 3075 aquis
1293 3018 1475 3075 aquarumque
1485 3004 1651 3071 decursibus,
1664 3015 1761 3062 etom·

133 3106 192 3147 sam
206 3105 236 3146 se
250 3091 467 3162 perincursurum
490 3091 690 3148 contremiscat.
705 3090 921 3163 Etiusuperdo·
944 3081 958 3101 ⁴
974 3097 1053 3152 nibus
1075 3095 1108 3151 iis
1124 3109 1184 3165 qum
1212 3093 1344 3164 adipeam
1366 3095 1502 3164 pertinere
1529 3094 1617 3150 villam
1643 3107 1761 3152 constat.

132 3182 207 3252 plum
223 3190 326 3237 tantum
344 3190 475 3252 quantum
490 3197 506 3236 a
528 3182 606 3238 robis
630 3182 724 3252 accepi
750 3192 859 3239 coactus
874 3198 924 3240 ex·
974 3190 1043 3246 todi
1057 3189 1177 3245 volumus
1189 3188 1230 3242 bis
1239 3187 1368 3258 predium
1379 3185 1574 3257 Scripuasium,
1584 3187 1610 3241 in
1625 3201 1693 3258 pago
1704 3187 1762 3241 blo·

133 3274 229 3338 solvat,
245 3282 272 3328 et
286 3274 406 3343 partibus
431 3273 489 3328 auri
503 3272 570 3329 libra
585 3288 638 3328 una
654 3282 825 3342 argento...
840 3275 922 3345 quin-
972 3295 1022 3338 sao
1035 3279 1126 3344 situm,
1141 3278 1174 3334 ad
1189 3279 1272 3349 ipsius
1284 3278 1365 3333 llosae
1377 3276 1494 3335 huminis
1503 3278 1601 3349 ripam,
1613 3292 1764 3348 omnesque
1876 3329 1881 3335 .

132 3379 188 3435 ‘1¹¹0
199 3379 230 3422 ⁸0
241 3365 421 3420 damnabilem
432 3366 520 3430 sciti.
545 3364 655 3433 etquod
679 3367 745 3435 petit
762 3367 924 3425 evendicare
973 3372 1158 3445 possessiones
1172 3369 1230 3439 eius
1254 3368 1334 3436 silice,
1351 3386 1405 3426 uno
1418 3371 1558 3443 dumtaxat
1584 3370 1763 3442 quadraginta

133 3462 260 3522 ιιοιιιιοιι,
275 3452 324 3510 setl
339 3454 389 3510 hec
409 3454 528 3510 vindicio
543 3454 750 3526 omnitempore
773 3458 848 3511 tirum
862 3471 921 3528 per·
970 3460 1094 3531 jugerum
1109 3473 1173 3529 agro
1187 3466 1311 3528 excepto,
1326 3474 1404 3530 quem
1429 3458 1646 3518 insulanorum
1669 3462 1763 3531 appel·

133 3554 244 3601 maneat
253 3546 430 3616 stipulacione
440 3548 565 3603 subnixa.
973 3553 1067 3618 iatum,
1079 3552 1134 3620 iam
1148 3548 1375 3605 antedulcissiruo
1388 3550 1443 3605 illio
1454 3549 1579 3606 hiberico
1592 3550 1751 3606 dormimus

169 3637 265 3693 Actum
288 3639 412 3694 biarbach
427 3640 591 3696 monasterio
606 3640 719 3710 publice,
733 3655 806 3696 auno
818 3641 923 3697 decimo
973 3640 1129 3697 Similitera
1143 3638 1263 3709 lleiparre
1277 3640 1370 3694 matris
1385 3640 1438 3695 hoc
1454 3641 1617 3696 monasterio
1632 3641 1763 3710 possideri

131 3738 265 3798 regnante
278 3728 447 3786 Theoderico
465 3743 542 3799 rege,
563 3732 615 3787 sub
637 3732 721 3802 dies]
734 3733 787 3788 ital.
808 3732 920 3788 blaciae.
974 3730 1071 3801 praedia
1085 3744 1118 3784 ea
1132 3729 1222 3784 omnia
1233 3728 1305 3791 uolo,
1316 3742 1376 3798 que
1391 3727 1417 3781 iu
1431 3727 1592 3795 bietbergis,
1608 3727 1761 3784 beslancio-

132 3822 275 3896 †Siguum
289 3821 455 3890 Theudoris,
466 3823 512 3893 qui
525 3824 596 3879 hauc
609 3823 794 3879 rerrdiciauem
806 3823 863 3879 deri
878 3838 923 3878 ro·
972 3837 1025 3891 que
1039 3821 1103 3886 sita,
1116 3833 1258 3890 qucquea
1280 3817 1434 3874 dulcissima
1446 3831 1573 3887 germana
1588 3834 1646 3876 mea
1657 3819 1763 3893 liegeu·

172 3987 186 4017 ⁸
205 3978 285 4035 Solus
299 3978 439 4046 hucusque
453 3977 521 4033 banc
533 3984 655 4032 chartam
679 3973 798 4045 uulgauit
811 3973 924 4046 Schmp
973 3981 1063 4031 tuetur
1084 3988 1182 4040 magno
1202 3971 1345 4028 conamine
1364 3970 1496 4027 llaseuius
1521 3971 1555 4026 ad
1570 3972 1658 4028 Brun.
1686 3975 1760 4032 hun.

131 4045 225 4114 binus,
239 4047 324 4103 hisat.
336 4049 361 4103 di
385 4048 450 4103 loun.
467 4054 486 4101 t.
502 4046 524 4111 l,
538 4060 600 4116 pag.
612 4044 666 4111 lb,
692 4045 726 4098 ad
740 4045 817 4114 cuius
845 4045 923 4101 sstieln
973 4053 995 4100 t.
1007 4046 1028 4107 i,
1044 4056 1104 4113 pag.
1127 4041 1189 4097 sto.
1208 4039 1376 4096 horroribus
1399 4041 1565 4100 arurrmratis
1591 4041 1642 4096 hoc
1664 4047 1762 4099 euertit

131 4120 297 4175 recudimus.
312 4119 335 4174 ls
348 4064 469 4173 charum
489 4117 559 4171 lrauc
572 4131 605 4169 ex
632 4115 797 4170 blorbace'usi
812 4113 922 4170 chartu·
973 4113 1214 4180 circumcurrunt.
1230 4120 1251 4166 t.
1264 4109 1309 4179 lv,
1326 4124 1385 4180 pag.
1406 4109 1458 4165 580
1472 4116 1568 4180 etseq.
1583 4121 1610 4167 et
1626 4111 1761 4182 llagoher-

132 4190 203 4244 iario
214 4203 244 4242 se
253 4188 452 4258 deprompsisse
464 4187 552 4242 docet.
563 4184 655 4240 Monet
667 4185 819 4251 autem‚ubi
830 4198 922 4255 supra,
974 4194 1030 4239 tum
1046 4185 1076 4244 tt.
1090 4183 1222 4252 sigeberti
1238 4181 1319 4234 illinus
1340 4180 1429 4234 hictu
1444 4188 1545 4249 patrem
1559 4182 1665 4237 asserit.
1692 4184 1760 4238 iiiuc

132 4272 196 4329 pag.
213 4257 274 4321 lib,
287 4258 374 4313 locunt
391 4257 418 4311 in
429 4257 482 4312 boc
496 4258 674 4311 instrumento
687 4263 810 4311 uocatum
826 4255 925 4310 liuma-
973 4254 1094 4325 sequitur
1126 4267 1226 4308 annino
1256 4251 1331 4311 reuni
1364 4250 1526 4306 Theudorici
1551 4251 1766 4320 binominum,

132 4327 240 4392 riserat,
257 4329 366 4383 nornine
384 4326 520 4396 pardulum
542 4332 666 4393 monto,
687 4325 816 4395 appellari
841 4324 921 4381 hodie
993 4341 1028 4379 uo
1042 4323 1123 4378 hdela
1145 4329 1334 4376 restaurentum
1362 4320 1500 4384 condidit.
1520 4319 1554 4376 ule
1572 4334 1655 4391 regno
1671 4322 1762 4377 Tueo

133 4395 419 4477 hammerstater-hoh
434 4395 522 4452 uicum
536 4405 632 4465 quarto
653 4395 741 4466 lupide
750 4396 830 4451 situru
840 4410 921 4466 super
935 4341 1057 4449 ”dorici
1075 4393 1105 4475 ll
1118 4389 1317 4474 intelligendum
1332 4405 1406 4472 esse.
1422 4403 1451 4445 ut
1473 4390 1568 4459 prohat
1581 4390 1703 4474 Curinh'us
1717 4407 1763 4445 ar-

132 4465 402 4522 horum-brisacam.
971 4473 1105 4533 gumcnus
1119 4461 1239 4533 p'uruhus
1252 4476 1312 4530 quun
1327 4461 1370 4515 bre
1392 4468 1514 4517 attexee
1539 4473 1592 4515 oon
1606 4470 1698 4517 susum
1711 4477 1765 4517 uo·

169 4535 185 4575 b
204 4535 355 4599 Bronerus
367 4534 464 4589 horral.
479 4532 582 4589 Treuir.
594 4542 614 4588 t.
623 4531 644 4593 l.
655 4546 717 4603 pag.
730 4531 796 4600 557,
809 4533 861 4590 hoc
874 4535 922 4592 ‹le-
972 4534 1006 4589 tis
1020 4533 1119 4589 uostris
1132 4546 1187 4601 pror
1201 4531 1278 4600 cripti
1305 4530 1411 4585 limites.
1429 4529 1532 4586 Dixisse
1544 4531 1611 4585 satis
1634 4533 1669 4586 sit
1683 4532 1763 4587 lde-

133 4607 312 4727 prorppsitder
328 4609 438 4727 recipistis
449 4602 748 4727 iperireuslipeficcpesllrp
761 4619 921 4729 mznfflwff
970 4603 1125 4729 lsamsspuexdta
1134 4602 1274 4727 ttitpiptiuur
1289 4599 1518 4724 etspissbiiilonium.
1537 4601 1602 4657 heta
1626 4600 1688 4720 als.p
1698 4601 1761 4684 ord.
1781 4652 1789 4672 ⁴

134 4683 198 4826 ἷξῗς.
210 4682 702 4812 iii}‘c‘iiiruif'i⁰niiiff⁰r⁸.’rustili.
717 4687 757 4796 ι’
776 4688 921 4808 E'is'uuu!
971 4683 1394 4825 effrm221u121rieo's?²ifarauroir
1417 4684 1609 4820 ςῗιῗιῗιέῗὲιῆῗιῗῖι
1625 4684 1765 4823 ’ἕὲιῖἶῖζῗ

135 4829 206 4938 litt:
219 4810 921 4950 ltttll·.‘3'ti.³²tttu‘·tibtillicitat:
971 4827 1044 4950 itti
1057 4807 1664 4959 ttttttttt⁷ll..tlt.t‘latitat
1677 4820 1760 4944 iri}

135 4952 205 5008 liist.
223 4951 327 5007 Treuir.
342 4952 452 5020 diplom.
470 4958 490 5005 t.
512 4949 548 5015 l,
570 4964 633 5020 pag.
656 4951 709 5016 88;
733 4950 920 5019 nanthelmus,
970 4953 1057 5008 atatis
1069 4966 1124 5007 sum
1134 4948 1265 5013 annolil3
1279 4962 1313 5002 ac
1325 4947 1443 5016 densum,
1454 4957 1531 5017 Juxta
1542 4961 1665 5006 auctores
1679 4947 1761 5004 liorrc

136 5022 205 5077 ilist.
216 5021 346 5078 Lureruh.
360 5029 377 5075 t.
390 5020 419 5083 ΙΙ,
434 5020 591 5092 prob.,pag.
603 5019 654 5087 55;
665 5021 699 5075 ad
713 5020 791 5076 iidem
804 5022 921 5078 broweri
971 5020 1064 5077 Gallim
1078 5021 1244 5083 christinus,
1260 5017 1310 5074 ubi
1320 5033 1413 5088 supro,
1440 5018 1541 5074 obiisse
1564 5034 1636 5073 anno
1660 5014 1760 5072 Christi

134 5106 240 5176 ornnes,
254 5091 394 5160 expunctis
406 5093 441 5174 ab
455 5091 506 5146 hoc
524 5091 702 5173 instrumento
717 5090 822 5174 mendis
834 5091 922 5148 omnis
971 5089 1034 5174 755.
1047 5091 1173 5147 iliramur
1184 5097 1274 5144 auteur
1294 5088 1413 5148 eosdeuu
1428 5087 1482 5143 iroo
1496 5098 1526 5145 et
1539 5086 1762 5168 llombeiruiuur,

135 5177 248 5287 titt.
263 5163 567 5287 litttlttttttt
584 5169 923 5301 lti'ttttittstttti:
971 5155 1763 5293 ttulit’.ltthifttttlttlblfttit‘ttlt

136 5300 181 5355 tiis
194 5310 321 5371 purgaret
343 5309 476 5370 quotquot
488 5315 522 5355 eu
549 5300 722 5370 autographis
747 5302 923 5356 instrumenta
971 5299 1014 5355 viu
1027 5317 1125 5355 minum
1136 5299 1293 5367 vigesimum
1300 5299 1554 5367 secunduruagerct,
1561 5298 1673 5352 necdum
1682 5293 1762 5351 Palas

135 5373 259 5427 eruebat.
273 5371 333 5426 Scri
354 5380 426 5425 tores
438 5371 518 5426 Nosse
533 5368 625 5425 Calliae
637 5368 806 5433 Christianae,
817 5375 837 5423 t.
852 5367 920 5435 xltt,
972 5370 1029 5426 tioll
1045 5370 1238 5436 parthenonem
1252 5369 1393 5422 erexisset.

136 5439 214 5494 iustr.
229 5440 281 5496 col.
353 5441 424 5507 ‚hoc
440 5441 509 5495 idem
525 5448 714 5495 testamentum
729 5439 882 5502 ediderunt.
895 5448 923 5494 ut
1008 5451 1019 5479 ι
1040 5437 1199 5494 Palatiolum
1210 5437 1289 5493 iocus
1302 5443 1388 5491 erata
1403 5435 1488 5494 reteri
1501 5434 1601 5522 palatio
1614 5435 1636 5490 si
1650 5433 1763 5516 dictps,

138 5509 638 5584 sidercumbrunerodesumptum.
667 5508 703 5564 lbi
728 5509 855 5565 adelase
871 5509 922 5563 bu·
971 5505 1312 5577 ut‚rlicitblahiil.hnnal.
1329 5513 1349 5560 t.
1366 5504 1401 5574 ll,
1425 5515 1558 5576 pugnet
1573 5505 1621 5571 utu
1649 5506 1762 5574 uirgrnr·

137 5579 241 5646 goberti
253 5581 324 5648 regis
338 5579 418 5634 liliam
433 5579 584 5651 prolitctur,
599 5593 679 5661 quem
705 5578 863 5645 lirowcrus,
877 5579 922 5634 uhi
973 5581 1021 5634 bus
1036 5594 1099 5633 uero
1114 5578 1151 5633 ibi
1166 5576 1305 5634 substituti
1327 5583 1391 5634 sunt
1410 5575 1533 5633 canonici
1546 5577 1619 5633 circa
1642 5574 1763 5633 medium

137 5663 229 5719 supra,
244 5664 336 5720 regem
349 5649 428 5721 hujus
439 5649 555 5705 nummis
575 5662 691 5718 prrmuru
715 5659 830 5714 censet,
850 5656 877 5703 et
896 5648 922 5704 id
972 5648 1147 5707 xrsnculuur.
